@book{Allard2009,
  doi = {10.1002/9780470747339},
  url = {http://dx.doi.org/10.1002/9780470747339},
  year  = {2009},
  month = {oct},
  publisher = {John Wiley {\&} Sons,  Ltd},
  author = {Jean F. Allard and Noureddine Atalla},
  title = {Propagation of Sound in Porous Media}
}

@article{Muller2010,
  doi = {10.1190/1.3463417},
  url = {http://dx.doi.org/10.1190/1.3463417},
  year  = {2010},
  month = {sep},
  publisher = {Society of Exploration Geophysicists},
  volume = {75},
  number = {5},
  pages = {75A147--75A164},
  author = {Tobias M. M\"{u}ller and Boris Gurevich and Maxim Lebedev},
  title = {Seismic wave attenuation and dispersion resulting from wave-induced
flow in porous rocks {\textemdash} A review},
  journal = {{GEOPHYSICS}}
}

@article{Smith2003,
  doi = {10.1190/1.1567211},
  url = {http://dx.doi.org/10.1190/1.1567211},
  year  = {2003},
  month = {mar},
  publisher = {Society of Exploration Geophysicists},
  volume = {68},
  number = {2},
  pages = {430--440},
  author = {Tad M. Smith and Carl H. Sondergeld and Chandra S. Rai},
  title = {Gassmann fluid substitutions: A tutorial},
  journal = {{GEOPHYSICS}}
}

@article{Carcione1998,
  doi = {10.1046/j.1365-2478.1998.00087.x},
  url = {http://dx.doi.org/10.1046/j.1365-2478.1998.00087.x},
  year  = {1998},
  month = {may},
  publisher = {Wiley-Blackwell},
  volume = {46},
  number = {3},
  pages = {249--270},
  author = {Jos{\'{e}} M. Carcione},
  title = {Viscoelastic effective rheologies for modelling wave propagation in
porous media},
  journal = {Geophysical Prospecting}
}

@article{Biot1956a,
  doi = {10.1121/1.1908239},
  url = {http://dx.doi.org/10.1121/1.1908239},
  year  = {1956},
  publisher = {Acoustical Society of America ({ASA})},
  volume = {28},
  number = {2},
  pages = {168},
  author = {M. A. Biot},
  title = {Theory of Propagation of Elastic Waves in a Fluid-Saturated Porous
Solid. I. Low-Frequency Range},
  journal = {J. Acoust. Soc. Am.}
}
@article{Biot1956b,
  doi = {10.1121/1.1908239},
  url = {http://dx.doi.org/10.1121/1.1908239},
  year  = {1956},
  publisher = {Acoustical Society of America ({ASA})},
  volume = {28},
  number = {2},
  pages = {179},
  author = {M. A. Biot},
  title = {Theory of Propagation of Elastic Waves in a Fluid-Saturated Porous
Solid. II. Higher frequency range},
  journal = {J. Acoust. Soc. Am.}
}
@article{Boltzmann1874,
  author = {Boltzmann, L.},
  journal = {{Kaiserlich. Akad. Wiss. Wien, Math.-Naturwiss., Kl.}},
  title = {{Zur theorie der elastischen nachwirkung, Sitzungsber.}},
  year = {1874},
  volume = {70},
  pages = {275-306},
}

@book{Bourbie1986,
    author = {Bourbié, T. and Coussy, O. and Zinszner, B.},
    pages = {360},
    publisher = {Editions Technip},
    title = {{Acoustique des milieux poreux}},
    year = {1986},
}

@book{Sheriff1995,
    author = {Sheriff, R.E. and Geldart, L.P.},
    pages = {592},
    publisher = {Cambridge University Press, New York},
    title = {{Exploration Seismology}},
    year = {1995},
}


@techreport{INRS1,
    author    = {Konstantinovskaya, E. and Claprood, M. and Duchesne, M. and
Giroux, M. and Malo, M. and Lefebvre, R.},
    title     = "Le potentiel de stockage du {CO$_2$} expérimental dans les
aquifères salins profonds de Bécancour",
    institution = "Institut national de la recherche scientifique - Centre Eau
Terre Environnement",
    type     = "{RAPPORT INRSCO2-2010-V2.1}",
    year      = {2010},
}

@article{Perozzi2,
  author = {Perozzi, L. and Gloaguen, E. and Giroux, B.},
  journal = {International Journal of Greenhouse Gas Control},
  title = {{Stochastic inversion workflow using the gradual deformation in order
to predict and monitor the CO$_2$ flow within a saline aquifer}},
  year = {à soumettre},
}

@article{Perozzi1,
  author = {Perozzi, L. and Giroux, B. and Schmitt, D.R. and Kofman, R.S.},
  journal = {International Journal of Greenhouse Gas Control},
  title = {{Sensitivity of vertical seismic profiling for monitoring \ce{CO2}
storage in a low porosity reservoir - An example from the St-Lawrence Lowlands,
Canada}},
  year = {2015},
}

@book{Doyen2007,
  author = {Doyen, Philippe},
  publisher = {EAGE},
  title = {{Seismic Reservoir Characterization: An Earth Modelling
Perspective}},
  year = {2007},
}

@article{Celia2006,
  author = {Celia, M.A. and Bachu, S. and Nordbotten, J.M. and Kavetski, D. and
Gasda, S.},
  journal = {Proceedings of the 8th Conference on Greenhouse Gas Technologies},
  title = {{A risk assessment tool to quantify CO$_2$ leakage potential through
wells in mature sedimentary basins}},
  year = {2006},
}


@article{Nordbotten2006,
  author = {Nordbotten, J.M. and Celia, M.A.},
  journal = {Proceedings of the 16th conference on Computational Methods in
Water Resources},
  title = {{Analysis of plume extent using analytical solutions for CO$_2$
storage}},
  year = {2006},
}

@article{Nordbotten2005a,
  author = {Nordbotten, Jan Martin and Celia, Michael A. and Bachu, Stefan},
  doi = {10.1007/s11242-004-0670-9},
  issn = {0169-3913},
  journal = {Transport in Porous Media},
  keywords = {analytical solutions,carbon dioxide injection,carbon
sequestra-,two-phase flow},
  mendeley-groups = {REVIEW FOR ARTICLE 3},
  month = {mar},
  number = {3},
  pages = {339--360},
  title = {{Injection and storage of CO$_2$ in deep saline aquifers: analytical
solution for CO$_2$ plume evolution during injection}},
  volume = {58},
  year = {2005},
}


@article{Nordbotten2009,
  author = {Nordbotten, Jan Martin and Kavetski, Dmitri and Celia, Michael A},
  journal = {Environ. Sci. Technol.},
  number = {3},
  pages = {743--749},
  title = {{Model for CO 2 leakage including multiple geological layers and
multiple leaky wells}},
  volume = {43},
  year = {2009},
}
@article{Giroux2012,
  author = {Bernard Giroux},
  date-added = {2013-08-20 14:50:21 +0000},
  date-modified = {2014-03-13 19:11:21 +0000},
  journal = {{Computers $\&$ Geosciences}},
  pages = {149 - 160},
  title = {{Performance of convolutional perfectly matched layers for
pseudospectral time domain poroviscoelastic schemes}},
  volume = {45},
  year = {2012},
}

@ARTICLE{Daley2008,
author={Daley, T.M. and Myer, L.R. and Peterson, J.E. and Majer, E.L. and
Hoversten, G.M.},
title={{Time-lapse crosswell seismic and VSP monitoring of injected CO$_2$ in a
brine aquifer}},
journal={Environmental Geology},
year={2008},
volume={54},
number={8},
pages={1657-1665},
doi={10.1007/s00254-007-0943-z},
}

@ARTICLE{Gotz2014,
author={G{\"o}tz, J. and L{\"u}th, S. and Krawczyk, C.M. and Cosma, C.},
title={{MZero-Offset VSP Monitoring of CO$_2$ Storage: Impedance Inversion and
Wedge Modelling at the Ketzin Pilot Site}},
journal={International Journal of Geophysics},
year={2014},
volume={2014},
number={},
pages={},
doi={10.1155/2014/294717},
}

@ARTICLE{Bickle2007,
author={Bickle, M. and Chadwick, A. and Huppert, H.E. and Hallworth, M. and
Lyle, S.},
title={{Modelling carbon dioxide accumulation at Sleipner: Implications for
underground carbon storage}},
journal={Earth and Planetary Science Letters},
year={2007},
volume={255},
number={1-2},
pages={164-176},
doi={10.1016/j.epsl.2006.12.013},
}

@ARTICLE{Chadwick2004,
author={Chadwick, R.A. and Zweigel, P. and Gregersen, U. and Kirby, G.A. and
Holloway, S. and Johannessen, P.N.},
title={{Geological reservoir characterization of a CO$_2$ storage site: The
Utsira Sand, Sleipner, northern North Sea}},
journal={Energy},
year={2004},
volume={29},
number={9-10},
pages={1371-1381},
doi={10.1016/j.energy.2004.03.071},
}

@ARTICLE{Chadwick2005,
author={Chadwick, R.A. and Arts, R. and Eiken, O.},
title={{4D seismic quantification of a growing CO$_2$ plume at Sleipner, North
Sea}},
journal={Petroleum Geology: North West Europe and Global Perspectives -
Proceedings of the 6$^{th}$ Petroleum Geology Conference},
year={2005},
pages={1385-1399},

}

@CONFERENCE{Chadwick2009,
author={Chadwick, R.A. and Noy, D. and Arts, R. and Eiken, O.},
title={{Latest time-lapse seismic data from Sleipner yield new insights into
CO$_2$ plume development}},
journal={Energy Procedia},
year={2009},
volume={1},
number={1},
pages={2103-2110},
doi={10.1016/j.egypro.2009.01.274},

}

@ARTICLE{Lippard2008,
author={Lippard, J. and Cavanagh, A.J. and Kennedy, D. and Hermanrud, C.},
title={{Modelling of CO$_2$ injection and seismic data analysis in the Utsira
formation}},
journal={33rd International Geological Congress},
year={2008},
}

@ARTICLE{Roach2015,
author={Roach, L.A.N. and White, D.J. and Roberts, B.},
title={{Assessment of 4D seismic repeatability and CO2 detection limits using a
sparse permanent land array at the Aquistore CO$_2$ storage site}},
journal={Geophysics},
year={2015},
volume={80},
number={2},
pages={WA1-WA13},
doi={10.1190/GEO2014-0201.1},
}

@ARTICLE{White2013,
author={White, D.},
title={{Seismic characterization and time-lapse imaging during seven years of
CO$_2$ flood in the Weyburn field, Saskatchewan, Canada}},
journal={International Journal of Greenhouse Gas Control},
year={2013},
volume={16},
pages={S78-S94},
doi={10.1016/j.ijggc.2013.02.006},
}

@ARTICLE{Arts2004,
author={Arts, R. and Eiken, O. and Chadwick, A. and Zweigel, P. and van der
Meer, L. and Zinszner, B.},
title={{Monitoring of CO2 injected at Sleipner using time-lapse seismic data}},
journal={Energy},
year={2004},
volume={29},
number={9-10},
pages={1383-1392},
doi={10.1016/j.energy.2004.03.072},
}

@ARTICLE{Davis2003,
author={Davis, T.L. and Terrell, M.J. and Benson, R.D. and Cardona, R. and
Kendall, R.R. and Winarsky, R.},
title={{Multicomponent seismic characterization and monitoring of the CO$_2$
flood at Weyburn Field, Saskatchewan}},
journal={Leading Edge (Tulsa, OK)},
year={2003},
volume={22},
number={7},
pages={696-697},

}

@CONFERENCE{Eiken2011,
author={Eiken, O. and Ringrose, P. and Hermanrud, C. and Nazarian, B. and Torp,
T.A. and Høier, L.},
title={{Lessons Learned from 14 years of CCS Operations: Sleipner, In Salah and
Sn{\o}hvit}},
journal={Energy Procedia},
year={2011},
volume={4},
pages={5541-5548},
doi={10.1016/j.egypro.2011.02.541},
}

@ARTICLE{Ivanova2012,
author={Ivanova, A. and Kashubin, A. and Juhojuntti, N. and Kummerow, J. and
Henninges, J. and Juhlin, C. and Lüth, S. and Ivandic, M.},
title={{Monitoring and volumetric estimation of injected CO 2 using 4D seismic,
petrophysical data, core measurements and well logging: A case study at Ketzin,
Germany}},
journal={Geophysical Prospecting},
year={2012},
volume={60},
number={5},
pages={957-973},
doi={10.1111/j.1365-2478.2012.01045.x},

}

@ARTICLE{Li2001,
author={Li, G. and Burrowes, G. and Majer, E. and Davis, T.},
title={{Weyburn field horizontal-to-horizontal crosswell seismic profiling: Part
3 - Interpretation}},
journal={Society of Exploration Geophysicists 2001 Annual Meeting},
year={2001},

}

@CONFERENCE{Luth2011,
author={L{\"u}th, S. and Bergmann, P. and Cosma, C. and Enescu, N. and Giese, R.
and Götz, J. and Ivanova, A. and Juhlin, C. and Kashubin, A. and Yang, C. and
Zhang, F.},
title={{Time-lapse seismic surface and down-hole measurements for monitoring CO2
storage in the CO2SINK project (Ketzin, Germany)}},
journal={Energy Procedia},
year={2011},
volume={4},
pages={3435-3442},
doi={10.1016/j.egypro.2011.02.268},

}

@ARTICLE{Sato2011,
author={Sato, K. and Mito, S. and Horie, T. and Ohkuma, H. and Saito, H. and
Watanabe, J. and Yoshimura, T.},
title={{Monitoring and simulation studies for assessing macro- and meso-scale
migration of CO$_2$ sequestered in an onshore aquifer: experiences from the
Nagaoka pilot site, Japan}},
journal={International Journal of Greenhouse Gas Control},
year={2011},
volume={5},
pages={215-237},
}

@ARTICLE{Urosevic2010,
author={Urosevic, M. and Pevzner, R. and Kepic, A. and Wisman, P. and Shulakova,
V. and Sharma, S.},
title={{Time-lapse seismic monitoring of CO$_2$ injection into a depleted gas
reservoir - Naylor Field, Australia}},
journal={Leading Edge (Tulsa, OK)},
year={2010},
volume={29},
number={2},
pages={164-169},
doi={10.1190/1.3304819},
}


@ARTICLE{Zhang2012,
author={Zhang, R. and Ghosh, R. and Sen, M.K. and Srinivasan, S.},
title={{Time-lapse surface seismic inversion with thin bed resolution for
monitoring CO$_2$ sequestration: a case study from Cranfield, Mississippi},
journal={International Journal of Greenhouse Gas Control}},
year={2012},
}


@book{Johnston2010,
author = {Johnston, D.},
editor = {David H. Johnston},
title = {Methods and Applications in Reservoir Geophysics},
publisher = {Society of Exploration Geophysicists},
year = {2010},
doi = {10.1190/1.9781560802174},
address = {},
edition   = {},
}

@article{Bedard2013,
title = {{CO$_2$ Geological Storage in the Province of Québec, Canada Capacity
Evaluation of the St. Lawrence Lowlands basin }},
journal = "Energy Procedia ",
volume = "37",
number = "0",
pages = "5093 - 5100",
year = "2013",
note = "GHGT-11 ",
issn = "1876-6102",
doi = "http://dx.doi.org/10.1016/j.egypro.2013.06.422",
author = "Karine Bédard and Michel Malo and Félix-Antoine Comeau",
}

@article{Johnson2001,
  author  = {Johnson, J.W. and Niitao, J.J. and Steefel, C.I. and Knauss, K.G.},

  title   = {{Reactive transportmodelling of geologic CO$_2$ sequestration in
saline aquifers: The influence of intraaquifer shales and the relative
effectiveness of structural, solubility, and mineral trapping during prograde
and retrograde sequestration}},
  journal = {NETL Proceedings, First National Conference on Carbon
Sequestration},
  year    = 2001,
}

@article {IEACCS2013,
    author    = {IEA},
    title     = {{Technolgy Roadmap: Carbon Capture and Storage}},
    publisher = {IEA},
    year      = {2013},
}


@techreport{IPCC2005,
  author       = {IPCC},
  title        = {{IPCC Special Report on Carbon dioxide Capture and Storage}},
  institution  = {Cambridge University Press, UK},
  year         = 2005,
  address      = {The Edinburgh Building Shaftesbury Road, Cambridge CB2 2RU
ENGLAND},

}

@book{IPCC2005,
  Title     = {{IPCC Special Report on Carbon dioxide Capture and Storage}},
  Author    = {IPCC},
  Edition    = {Bert Metz and Ogunlade Davidson and Heleen de Coninck and
Manuela Loos and Leo Meyer},
  Publisher = {Cambridge University Press, UK},
  Year      = {2005},
  address   = {The Edinburgh Building Shaftesbury Road, Cambridge CB2 2RU
ENGLAND},
}

@inbook{IPCC2014,
   author = {IPCC},
   title = {{Climate Change 2014: Synthesis Report. Contribution of Working
Group III to the Fifth Assessment Report of the Intergovernmental Panel on
Climate Change}},
   publisher = {{Cambridge University Press}},
   address = {{Cambridge, United Kingdom and New York, NY, USA}},
   year = {2014},
}

@ARTICLE{Vostok,
author={Petit, J.R. and Jouzel, J. and Raynaud, D. and Barkov, N.I. and Barnola,
J.-M. and Basile, I. and Bender, M. and Chappellaz, J. and Davis, M. and
Delaygue, G. and Delmotte, M. and Kotiyakov, V.M. and Legrand, M. and Lipenkov,
V.Y. and Lorius, C. and Pépin, L. and Ritz, C. and Saltzman, E. and Stievenard,
M.},
title={{Climate and atmospheric history of the past 420,000 years from the
Vostok ice core, Antarctica}},
journal={Nature},
year={1999},
volume={399},
number={6735},
pages={429-436},
doi={10.1038/20859},
}

@inbook{Siple,
author={Neftel, A. and Friedli, H. and Moor, E. and Loetscher, H. and Oeschger,
H. and Siegenthaler, U. and Stauffer, B.},
title={{Trends: A Compendium of Data on Global Change}},
publisher={{Carbon Dioxide Information Analysis Center, Oak Ridge National
Laboratory, U.S. Department of Energy}},
address={{Oak Ridge, Tenn, USA}},
year={1994},
}

@ARTICLE{Epica,
author={Siegenthaler, U. and Stocker, T.F. and Monnin, E. and Lüthi, D. and
Schwander, J. and Stauffer, B. and Raynaud, D. and Barnola, J.-M. and Fischer,
H. and Masson-Delmotte, V. and Jouzel, J.},
title={{Atmospheric science: Stable carbon cycle-climate relationship during the
late pleistocene}},
journal={Science},
year={2005},
volume={310},
number={5752},
pages={1313-1317},
doi={10.1126/science.1120130},
source={Scopus},
}

@article {GRL:GRL21511,
author = {MacFarling Meure, C. and Etheridge, D. and Trudinger, C. and Steele,
P. and Langenfelds, R. and van Ommen, T. and Smith, A. and Elkins, J.},
title = {{Law Dome CO2, CH4 and N2O ice core records extended to 2000 years
BP}},
journal = {Geophysical Research Letters},
volume = {33},
number = {14},
issn = {1944-8007},
doi = {10.1029/2006GL026152},
pages = {n/a--n/a},
year = {2006},
}

@techreport{IEA_fossil,
author = {IEA},
title = {{CO$_2$ Emissions from Fuel Combustion 2014}},
publisher = {{IEA}},
address = {{Paris}},
year = {2014}
}

@techreport{WEO2014,
author = {IEA},
title = {{World Energy Outlook 2014}},
publisher = {{IEA}},
address = {{Paris}},
year = {2014}
}

@techreport{ETP2014,
author = {IEA},
title = {{Energy Technology Perspectives 2014}},
publisher = {{IEA}},
address = {{Paris}},
year = {2014}
}


@techreport{WMO14,
author = {WMO},
title = {{WMO Greenhouse Gas Bulletin, No. 10}},
publisher = {{WMO}},
address = {{Geneva}},
year = {2014}
}





%%%%%%%%%%%      biblio article 1



@article{cite:8,
  author = {R. Liouville and G. Bernoulli},
  title = {{On the Positivity of Conditionally Closed, Right-Simply
Contravariant Scalars}},
  journal = {{J}ournal of Numerical Geometry},
  month = {aug},
  year = {1993},
  volume = {6},
  pages = {152--191},
}


@article{cite:2,
  author = {Q. Smith},
  title = {{${\ell}$-Multiply Contra-One-to-One Paths over Semi-Almost
Everywhere Negative Isomorphisms}},
  journal = {{J}ournal of Homological Model Theory},
  month = {sep},
  year = {2003},
  volume = {7},
  pages = {1408--1423},
}


@article{cite:0,
  author = {Q. Tate and L. Garcia and G. Banach},
  title = {{Regularity Methods in Fuzzy Number Theory}},
  journal = {{A}rchives of the {M}oldovan {M}athematical {S}ociety},
  month = {aug},
  year = {1995},
  volume = {0},
  pages = {78--93},
}


@book{Hilterman2001,
  author = {Fred J. Hilterman},
  date-added = {2014-03-21 15:16:24 +0000},
  date-modified = {2014-03-21 15:16:42 +0000},
  publisher = {Society of Exploration Geophysicists and European Association of
Geoscientists and Engineers},
  title = {{Seismic Amplitude Interpretation}},
  year = {2001},
}


@article{Batzle1992,
  author = {Batzle, M. and Zhijing Wang},
  date-added = {2014-03-20 15:01:26 +0000},
  date-modified = {2014-03-20 15:01:36 +0000},
  journal = {Geophysics},
  number = {11},
  pages = {1396-1408},
  title = {{Seismic properties of pore fluids}},
  volume = {57},
  year = {1992},
}


@article{Glover2009,
  author = {Glover, P.},
  date-added = {2014-03-18 19:59:53 +0000},
  date-modified = {2014-03-18 20:00:19 +0000},
  document_type = {Article},
  journal = {The Leading Edge},
  number = {1},
  pages = {82-85},
  title = {{What is the cementation exponent? A new interpretation}},
  volume = {28},
  year = {2009},
}


@article{Hashin1963,
  author = {Hashin, Z. and Shtrikman, S.},
  date-added = {2014-03-18 18:23:05 +0000},
  date-modified = {2014-03-18 18:23:22 +0000},
  document_type = {Article},
  journal = {Journal of the Mechanics and Physics of Solids},
  number = {2},
  pages = {127-140},
  title = {{A variational approach to the theory of the elastic behaviour of
multiphase materials}},
  volume = {11},
  year = {1963},
}





@Book{Carcione2007,
  Title                    = {{Wave fields in real media: Wave Propagation in
Anisotropic, Anelastic, Porous and Electromagnetic Media}},
  Author                   = {Carcione, J M},
  Editor                   = {Klaus Helbig and Sven Treitel},
  Publisher                = {Elsevier},
  Year                     = {2007},
  Edition                  = {2$^{nd}$},
  Series                   = {Handbook of Geophysical Exploration - Seismic
Exploration},
  Volume                   = {38}
}


@Book{Mavko2009,
  Title                    = {{The Rock Physics Handbook}},
  Author                   = {Mavko, G. and Mukerji, T. and Dvorkin},
  Publisher                = {Cambridge},
  Year                     = {2009},
}


@article{Duchesne2014,
author = {Duchesne, M. and Giroux, B. and Hu, K.},
title = {Hydrocarbon indicators on seismic data: Insights from poroviscoelastic
modeling, amplitude, and frequency variation with offsets from the Drake Point
gas field, Western Arctic Islands, Canada},
journal = {Interpretation},
volume = {2},
number = {4},
pages = {SP45-SP59},
year = {2014},
doi = {10.1190/INT-2014-0018.1},
}



@article{Biot1962,
  author = {Biot, M.A.},
  date-added = {2014-03-13 15:45:25 +0000},
  date-modified = {2014-03-13 15:45:33 +0000},
  document_type = {Article},
  journal = {Journal of Applied Physics},
  number = {4},
  pages = {1482-1498},
  title = {{Mechanics of deformation and acoustic propagation in porous media}},
  volume = {33},
  year = {1962},
}

@article{Biot1957,
    author = {Biot, M. A. and Willis, D. G.},
    citeulike-article-id = {9228504},
    journal = {Journal of Applied Mechanics},
    keywords = {poroelasticity},
    month = dec,
    pages = {594--601},
    posted-at = {2011-04-29 11:52:40},
    priority = {2},
    title = {{The Elastic Coefficients of the Theory of Consolidation}},
    volume = {24},
    year = {1957}
}


@article{Carcione1999,
  author = {Carcione, J.M. and Helle, H.B.},
  document_type = {Article},
  journal = {Journal of Computational Physics},
  number = {2},
  pages = {520-527},
  title = {{Numerical Solution of the Poroviscoelastic Wave Equation on a
Staggered Mesh}},
  volume = {154},
  year = {1999},
}


@article{Carcione1998,
  author = {Carcione, J.M.},
  date-added = {2014-03-13 14:54:15 +0000},
  date-modified = {2014-03-13 14:54:48 +0000},
  document_type = {Article},
  journal = {Geophysical Prospecting},
  number = {3},
  pages = {249-270},
  title = {{Viscoelastic effective rheologies for modelling wave propagation in
porous media}},
  volume = {46},
  year = {1998},
}


@article{Carcione2010,
  author = {Carcione, J.M. and Morency, C. and Santos, J.E.},
  date-added = {2014-03-13 14:53:03 +0000},
  date-modified = {2014-03-13 14:53:26 +0000},
  document_type = {Review},
  journal = {Geophysics},
  number = {5},
  pages = {X75A229-75A243},
  title = {{Computational poroelasticity - A review}},
  volume = {75},
  year = {2010},
}


@article{Carcione2002,
  author = {Carcione, J.M. and Herman, G.C. and ten Kroode, A.P.E.},
  date-added = {2014-03-13 14:53:03 +0000},
  date-modified = {2014-03-13 14:53:35 +0000},
  document_type = {Article},
  journal = {Geophysics},
  number = {4},
  pages = {1304-1325},
  title = {{Seismic modeling}},
  volume = {67},
  year = {2002},
}


@conference{Urosevic2008,
  author = {Urosevic, M. and Sherlock, D. and Kepic, A. and Nakanishi, S.},
  date-added = {2014-03-12 15:18:12 +0000},
  date-modified = {2014-03-12 15:18:26 +0000},
  document_type = {Conference Paper},
  journal = {Society of Petroleum Engineers - 70th European Association of
Geoscientists and Engineers Conference and Exhibition - Incorporating SPE
EUROPEC 2008},
  pages = {2453-2457},
  title = {{Time lapse VSP program for otway basin CO$_2$ sequestration pilot
project}},
  volume = {4},
  year = {2008},
}


@article{Daley2008,
  author = {Daley, T.M. and Myer, L.R. and Peterson, J.E. and Majer, E.L. and
Hoversten, G.M.},
  date-added = {2014-03-12 15:02:10 +0000},
  date-modified = {2014-03-12 15:02:36 +0000},
  document_type = {Article},
  journal = {Environmental Geology},
  number = {8},
  pages = {1657-1665},
  title = {{Time-lapse crosswell seismic and VSP monitoring of injected CO$_2$
in a brine aquifer}},
  volume = {54},
  year = {2008},
}


@article{Cheng2010,
  author = {Cheng, A. and Huang, L. and Rutledge, J.},
  date-added = {2014-03-12 14:55:34 +0000},
  date-modified = {2014-03-12 14:55:47 +0000},
  document_type = {Article},
  journal = {The Leading Edge},
  number = {2},
  pages = {196-199},
  title = {{Time-lapse VSP data processing for monitoring CO$_2$ injection}},
  volume = {29},
  year = {2010},
}


@article{Yang2010,
  author = {Yang, C. and Juhlin, C. and Enescu, N. and Cosma, C. and L{\"u}th,
S.},
  journal = {Near Surface Geophysics},
  number = {6},
  pages = {601-610},
  source = {Scopus},
  title = {{Moving source profile data processing, modelling and comparison with
3D surface seismic data at the CO2SINK project site, Ketzin, Germany}},
  volume = {8},
  year = {2010},
}


@article{Rubino2011,
  author = {Rubino, J.G. and Velis, D.R.},
  date-added = {2014-03-12 14:30:26 +0000},
  date-modified = {2014-03-12 14:33:00 +0000},
  journal = {Geophysics},
  number = {3},
  pages = {R57-R67},
  title = {{Seismic characterization of thin beds containing patchy carbon
dioxide-brine distributions: A study based on numerical simulations}},
  volume = {76},
  year = {2011},
}


@article{Santos2013,
  art_number = {012085},
  author = {Santos, J.E. and Savioli, G.B. and Carcione, J.M. and Gei, D.},
  date-added = {2014-03-12 14:28:10 +0000},
  date-modified = {2014-03-12 14:28:10 +0000},
  document_type = {Conference Paper},
  journal = {Journal of Physics: Conference Series},
  note = {cited By (since 1996)0},
  number = {1},
  source = {Scopus},
  title = {{A numerical procedure to model and monitor CO2 sequestration in
aquifers}},
  url =
{http://www.scopus.com/inward/record.url?eid=2-s2.0-84875693163&partnerID=40&md5=6f1db43038af50cf500542a8297d360a},
  volume = {410},
  year = {2013},
}


@article{Carcione2012,
  author = {Carcione, J.M. and Gei, D. and Picotti, S. and Michelini, A.},
  date-added = {2014-03-12 14:28:10 +0000},
  date-modified = {2014-03-12 14:28:43 +0000},
  document_type = {Article},
  journal = {Journal of Petroleum Science and Engineering},
  pages = {162-172},
  title = {{Cross-hole electromagnetic and seismic modeling for CO2 detection
and monitoring in a saline aquifer}},
  volume = {100},
  year = {2012},
}


@article{Picotti2012,
  art_number = {B06103},
  author = {Picotti, S. and Carcione, J.M. and Gei, D. and Rossi, G. and Santos,
J.E.},
  date-added = {2014-03-12 14:28:10 +0000},
  date-modified = {2014-03-12 14:28:10 +0000},
  document_type = {Article},
  journal = {Journal of Geophysical Research B: Solid Earth},
  note = {cited By (since 1996)5},
  number = {6},
  source = {Scopus},
  title = {{Seismic modeling to monitor CO 2 geological storage: The
Atzbach-Schwanenstadt gas field}},
  url =
{http://www.scopus.com/inward/record.url?eid=2-s2.0-84862279166&partnerID=40&md5=608a59aa5ab4394d63672bbdabda6236},
  volume = {117},
  year = {2012},
}


@article{Savioli2011,
  art_number = {012021},
  author = {Savioli, G.B. and Santos, J.E.},
  date-added = {2014-03-12 14:28:10 +0000},
  date-modified = {2014-03-12 14:28:10 +0000},
  document_type = {Conference Paper},
  journal = {Journal of Physics: Conference Series},
  note = {cited By (since 1996)0},
  number = {1},
  source = {Scopus},
  title = {{Modeling of CO 2 storage in aquifers}},
  url =
{http://www.scopus.com/inward/record.url?eid=2-s2.0-79959284797&partnerID=40&md5=05af36299b8544735d9f7bcf0bc096c5},
  volume = {296},
  year = {2011},
}


@article{Urosevic2010,
  author = {Urosevic, M. and Pevzner, R. and Kepic, A. and Wisman, P. and
Shulakova, V. and Sharma, S.},
  date-added = {2014-03-12 14:00:21 +0000},
  date-modified = {2014-03-12 14:00:31 +0000},
  document_type = {Article},
  journal = {The Leading Edge},
  number = {2},
  pages = {164-169},
  title = {{Time-lapse seismic monitoring of CO2 injection into a depleted gas
reservoir - Naylor Field, Australia}},
  volume = {29},
  year = {2010},
}


@conference{Eiken2011,
  author = {Eiken, O. and Ringrose, P. and Hermanrud, C. and Nazarian, B. and
Torp, T.A. and H{\o}ier, L.},
  date-added = {2014-03-12 13:58:39 +0000},
  date-modified = {2014-03-12 13:58:49 +0000},
  document_type = {Conference Paper},
  journal = {Energy Procedia},
  pages = {5541-5548},
  title = {{Lessons Learned from 14 years of CCS Operations: Sleipner, In Salah
and Sn{\o}hvit}},
  volume = {4},
  year = {2011},
}


@article{Zhang2013_2,
  author = {Zhang, R. and Ghosh, R. and Sen, M.K. and Srinivasan, S.},
  date-added = {2014-03-12 13:58:34 +0000},
  date-modified = {2014-03-12 13:59:17 +0000},
  document_type = {Article},
  journal = {International Journal of Greenhouse Gas Control},
  pages = {430-438},
  title = {{Time-lapse surface seismic inversion with thin bed resolution for
monitoring CO2 sequestration: A case study from Cranfield, Mississippi}},
  volume = {18},
  year = {2013},
}


@article{Yang2014,
  author = {Yang, D. and Malcolm, A. and Fehler, M. and Huang, L.},
  date-added = {2014-03-12 13:32:09 +0000},
  date-modified = {2014-03-12 13:32:51 +0000},
  journal = {Geophysics},
  number = {2},
  pages = {B51-B61},
  title = {{Time-lapse walkaway vertical seismic profile monitoring for CO$_2$
injection at the SACROC enhanced oil recovery field: A case study}},
  volume = {79},
  year = {2014},
}


@article{Lumley2010a,
  author = {Lumley, D.},
  date-added = {2014-03-11 20:13:16 +0000},
  date-modified = {2014-03-11 20:14:28 +0000},
  journal = {The Leading Edge},
  number = {2},
  pages = {150-155},
  title = {{4D seismic monitoring of CO$_2$ sequestration}},
  volume = {29},
  year = {2010},
}


@article{Zhang2013,
  author = {Zhang, F. and Juhlin, C. and Ivandic, M. and L{\"u}th, S.},
  date-added = {2014-03-11 20:06:10 +0000},
  date-modified = {2014-03-11 20:06:27 +0000},
  document_type = {Article},
  journal = {Geophysical Prospecting},
  number = {SUPPL.1},
  pages = {284-299},
  title = {{Application of seismic full waveform inversion to monitor CO2
injection: Modelling and a real data example from the ketzin site, germany}},
  volume = {61},
  year = {2013},
}


@article{Lebedev2013,
  author = {Lebedev, M. and Pervukhina, M. and Mikhaltsevitch, V. and Dance, T.
and Bilenko, O. and Gurevich, B.},
  date-added = {2014-03-11 19:59:44 +0000},
  date-modified = {2014-03-11 20:00:01 +0000},
  document_type = {Article},
  journal = {Geophysics},
  number = {4},
  pages = {D293-D306},
  title = {{An experimental study of acoustic responses on the injection of
supercritical CO$_2$ into sandstones from the Otway Basin}},
  volume = {78},
  year = {2013},
}


@conference{Cui2013,
  author = {Cui, Q. and Todd Hoffman, B. and Davis, T.L.},
  date-added = {2014-03-11 19:50:12 +0000},
  date-modified = {2014-03-11 19:50:50 +0000},
  document_type = {Conference Paper},
  journal = {Society of Petroleum Engineers - SPE Western Regional / Pacific
Section AAPG Joint Technical Conference 2013: Energy and the Environment Working
Together for the Future},
  pages = {617-630},
  title = {{Quantitative time-lapse seismic integrated history match in Delhi
Field}},
  year = {2013},
}


@article{Williams2012,
  author = {Williams, G. and Chadwick, A.},
  date-added = {2014-03-11 19:50:12 +0000},
  date-modified = {2014-03-11 19:50:28 +0000},
  journal = {Geophysics},
  number = {6},
  pages = {R245-R256},
  title = {{Quantitative seismic analysis of a thin layer of CO2 in the Sleipner
injection plume}},
  volume = {77},
  year = {2012},
}


@conference{Azuma2011,
  author = {Azuma, H. and Konishi, C. and Nobuoka, D. and Xue, Z. and Watanabe,
J.},
  date-added = {2014-03-11 19:50:12 +0000},
  date-modified = {2014-03-11 19:51:00 +0000},
  document_type = {Conference Paper},
  journal = {Energy Procedia},
  pages = {3472-3477},
  title = {{Quantitative CO2 saturation estimation from time lapse sonic logs by
consideration of uniform and patchy saturation}},
  volume = {4},
  year = {2011},
}


@conference{Queisser2010,
  author = {Queisser, M. and Singh, S.C.},
  date-added = {2014-03-11 19:50:12 +0000},
  date-modified = {2014-03-11 19:50:39 +0000},
  document_type = {Conference Paper},
  journal = {Society of Petroleum Engineers - 72nd European Association of
Geoscientists and Engineers Conference and Exhibition 2010 - Incorporating SPE
EUROPEC 2010},
  pages = {2896-2900},
  title = {{Quantitative seismic monitoring of CO2 at sleipner using 2D
full-waveform inversion in the time-lapse mode}},
  volume = {4},
  year = {2010},
}


@conference{Landa2011,
  author = {Landa, J.L. and Kumar, D.},
  date-added = {2014-03-11 19:36:45 +0000},
  date-modified = {2014-03-11 19:36:50 +0000},
  document_type = {Conference Paper},
  journal = {Proceedings - SPE Annual Technical Conference and Exhibition},
  note = {cited By (since 1996)1},
  pages = {2615-2631},
  source = {Scopus},
  title = {{Joint inversion of 4D seismic and production data}},
  url =
{http://www.scopus.com/inward/record.url?eid=2-s2.0-84856672521&partnerID=40&md5=4186ff4e1311abb494803b045cd8bd93},
  volume = {3},
  year = {2011},
}


@article{Kazemeini2010,
  author = {Sayed Hesammoddin Kazemeini and Christopher Juhlin and Sergey
Fomel},
  date-added = {2014-03-11 19:33:54 +0000},
  date-modified = {2014-03-11 19:34:06 +0000},
  journal = {Journal of Applied Geophysics},
  number = {4},
  pages = {109 - 124},
  title = {{Monitoring \{CO2\} response on surface seismic data; a rock physics
and seismic modeling feasibility study at the \{CO2\} sequestration site,
Ketzin, Germany}},
  volume = {71},
  year = {2010},
}


@article{Chadwick2010,
  author = {Chadwick, A. and Williams, G. and Delepine, N. and Clochard, V. and
Labat, K. and Sturton, S. and Buddensiek, M.-L. and Dillen, M. and Nickel, M.
and Lima, A.L. and Arts, R. and Neele, F. and Rossi, G.},
  date-added = {2014-03-11 19:30:39 +0000},
  date-modified = {2014-03-11 19:30:50 +0000},
  journal = {The Leading Edge},
  number = {2},
  pages = {170-177},
  title = {{Quantitative analysis of time-lapse seismic monitoring data at the
Sleipner CO2 storage operation}},
  volume = {29},
  year = {2010},
}


@article{Chadwick2005,
  author = {Chadwick, R.A. and Arts, R. and Eiken, O.},
  date-added = {2014-03-11 19:28:13 +0000},
  date-modified = {2014-03-11 19:28:28 +0000},
  journal = {Petroleum Geology Conference Proceedings},
  number = {0},
  pages = {1385-1399},
  title = {{4D seismic quantification of a growing CO2 plume at Sleipner, North
Sea}},
  volume = {6},
  year = {2005},
}


@article{White2009,
  author = {White, D.},
  date-added = {2014-03-11 14:07:06 +0000},
  date-modified = {2014-03-11 14:07:19 +0000},
  journal = {The Leading Edge},
  number = {7},
  pages = {838-842},
  title = {{Monitoring storage during EOR at the Weyburn-Midale Field}},
  volume = {28},
  year = {2009},
}


@article{Arts2004,
  author = {Arts, R. and Eiken, O. and Chadwick, A. and Zweigel, P. and van der
Meer, B. and Kirby, G.},
  date-added = {2014-03-11 13:56:51 +0000},
  date-modified = {2014-03-11 13:57:01 +0000},
  document_type = {Article},
  journal = {Geological Society, London, Special Publications},
  pages = {181-191},
  title = {{Seismic monitoring at the Sleipner underground CO$_2$ storage site
(North Sea)}},
  volume = {233},
  year = {2004},
}


@article{Lumely2001,
  author = {Lumley, D.},
  date-added = {2014-03-10 20:35:00 +0000},
  date-modified = {2014-03-11 20:11:48 +0000},
  journal = {Geophysics},
  number = {1},
  pages = {50-53},
  title = {{Time‐lapse seismic reservoir monitoring}},
  volume = {66},
  year = {2001},
}


@article{TranNgoc2014,
  author = {Tran Ngoc, T.D. and Lefebvre, R. and Konstantinovskaya, E. and Malo,
M.},
  issn = {1866-6280},
  journal = {Environmental Earth Sciences},
  language = {English},
  pages = {1-28},
  publisher = {Springer Berlin Heidelberg},
  title = {{Characterization of deep saline aquifers in the B{\'e}cancour area,
St. Lawrence Lowlands, Qu{\'e}bec, Canada: implications for CO$_2$ geological
storage}},
  year = {2014},
}


@article{TranNgoc2013,
  author = {{Tran Ngoc}, T. D. and Doughty, Christine and Lefebvre, Ren\'{e} and
Malo, Michel},
  issn = {21523878},
  journal = {Greenhouse Gases: Science and Technology},
  month = {dec},
  number = {6},
  pages = {516--540},
  title = {{Injectivity of carbon dioxide in the St. Lawrence Platform, Quebec
(Canada): A sensitivity study}},
  volume = {3},
  year = {2013},
}


@article{Konstantinovskaya2014,
  author = {E. Konstantinovskaya and J. Rutqvist and M. Malo},
  date-added = {2014-02-07 21:14:12 +0000},
  date-modified = {2014-02-07 21:14:32 +0000},
  journal = {International Journal of Greenhouse Gas Control},
  number = {0},
  pages = {88 - 110},
  title = {{\{CO2\} storage and potential fault instability in the St. Lawrence
Lowlands sedimentary basin (Quebec, Canada): Insights from coupled
reservoir-geomechanical modeling}},
  volume = {22},
  year = {2014},
}


@article{Claprood2012,
  author = {Claprood, M. and Gloaguen, E. and Giroux, B. and Konstantinovskaya,
E. and Malo, M. and Duchesne, M.J.},
  date-added = {2014-02-03 19:24:47 +0000},
  date-modified = {2014-02-03 19:25:20 +0000},
  journal = {Greenhouse Gases: Science and Technology},
  number = {4},
  pages = {260-278},
  title = {{Workflow using sparse vintage data for building a first geological
and reservoir model for CO$_2$ geological storage in deep saline aquifer. A case
study in the St. Lawrence Platform, Canada}},
  volume = {2},
  year = {2012},
}


@article{Yam2011b,
  author = {Yam, Helen and Schmitt, Douglas R.},
  date-added = {2014-01-27 20:46:53 +0000},
  date-modified = {2014-01-27 20:57:15 +0000},
  journal = {Canadian Well Logging Society InSite Magazine},
  number = {1},
  pages = {13-16},
  title = {{CO$_2$ rock physics: A laboratory study}},
  volume = {30},
  year = {2011},
}


@article{Purcell2010,
  author = {Purcell, C. and Mur, A. and Soong, Y. and McLendon, T.R. and
Haljasmaa, I.V. and Harbert, W.},
  journal = {The Leading Edge},
  number = {2},
  pages = {192-195},
  title = {{Integrating velocity measurements in a reservoir rock sample from
the SACROC unit with an AVO proxy for subsurface supercritical CO$_2$}},
  volume = {29},
  year = {2010},
}


@article{Shi2011,
  author = {Shi, J.-Q. and Xue, Z. and Durucan, S.},
  journal = {International Journal of Greenhouse Gas Control},
  number = {1},
  pages = {75-87},
  title = {{Supercritical CO$_2$ core flooding and imbibition in Tako
sandstone-Influence of sub-core scale heterogeneity}},
  volume = {5},
  year = {2011},
}


@article{Lei2009,
  author = {Lei, X. and Xue, Z.},
  journal = {Physics of the Earth and Planetary Interiors},
  number = {3-4},
  pages = {224-234},
  title = {{Ultrasonic velocity and attenuation during CO$_2$ injection into
water-saturated porous sandstone: Measurements using difference seismic
tomography}},
  volume = {176},
  year = {2009},
}


@article{Xue2005,
  author = {Xue, Z. and Ohsumi, T. and Koide, H.},
  journal = {Energy},
  number = {11-12 SPEC. ISS.},
  pages = {2352-2359},
  title = {{An experimental study on seismic monitoring of a CO$_2$ flooding in
two sandstones}},
  volume = {30},
  year = {2005},
}


@article{Wang1989,
  author = {Wang, Zhijing and Nur, Amos M.},
  journal = {Society of Petroleum Engineers},
  number = {4},
  pages = {429-436 17345},
  title = {{Effects of CO$_2$ flooding on wave velocities in rocks with
hydrocarbons}},
  volume = {4},
  year = {1989},
}


@article{Ivanova2012,
  author = {Ivanova, A. and Kashubin, A. and Juhojuntti, N. and Kummerow, J. and
Henninges, J. and Juhlin, C. and L{\"u}th, S. and Ivandic, M.},
  journal = {Geophysical Prospecting},
  number = {5},
  pages = {957-973},
  title = {{Monitoring and volumetric estimation of injected CO$_2$ using 4D
seismic, petrophysical data, core measurements and well logging: A case study at
Ketzin, Germany}},
  volume = {60},
  year = {2012},
}


@mastersthesis{Yam2011,
  author = {Helen Yam},
  school = {{University of Alberta}},
  title = {{CO$_2$ rock physics: A laboratory study}},
  year = {2011},
}


@article{Giroux2012,
  author = {Bernard Giroux},
  date-added = {2013-08-20 14:50:21 +0000},
  date-modified = {2014-03-13 19:11:21 +0000},
  journal = {{Computers $\&$ Geosciences}},
  pages = {149 - 160},
  title = {{Performance of convolutional perfectly matched layers for
pseudospectral time domain poroviscoelastic schemes}},
  volume = {45},
  year = {2012},
}


@article{Njiekak2013,
  author = {Njiekak, Gautier and Schmitt, Douglas R. and Yam, Helen and Kofman,
Randolf S.},
  journal = {International Journal of Greenhouse Gas Control},
  month = {mar},
  pages = {S118--S133},
  title = {{CO$_2$ rock physics as part of the Weyburn-Midale geological storage
project}},
  volume = {16},
  year = {2013},
}


@article{Malo2012,
  author = {Michel Malo and Karine B{\'e}dard},
  journal = {Energy Procedia},
  pages = {487 - 494},
  title = {{Basin-Scale Assessment for CO$_2$ Storage Prospectivity in the
Province of Qu\'ebec, Canada}},
  volume = {23},
  year = {2012},
}


@article{Bachu2003,
  author = {Bachu, Stefan},
  journal = {Environmental Geology},
  month = {jun},
  number = {3},
  pages = {277--289},
  title = {{Screening and ranking of sedimentary basins for sequestration of
CO$_2$ in geological media in response to climate change}},
  volume = {44},
  year = {2003},
}


@article{White2013,
  author = {White, D.J.},
  journal = {International Journal of Greenhouse Gas Control},
  month = {mar},
  pages = {S95--S102},
  title = {{Toward quantitative CO$_2$ storage estimates from time-lapse 3D
seismic travel times: An example from the IEA GHG Weyburn--Midale CO$_2$
monitoring and storage project}},
  volume = {16},
  year = {2013},
}


@article{White2013a,
  author = {White, Don},
  journal = {International Journal of Greenhouse Gas Control},
  month = {mar},
  pages = {S78--S94},
  title = {{Seismic characterization and time-lapse imaging during seven years
of CO$_2$ flood in the Weyburn field, Saskatchewan, Canada}},
  volume = {16},
  year = {2013},
}


@article{Lumley2010,
  author = {Lumley, D. and Sherlock, D. and Daley, T. and Huang, L. and Lawton,
D. and Masters, R. and Verliac, M. and White, D.},
  date-added = {2013-07-18 13:24:14 +0000},
  date-modified = {2014-01-27 20:57:58 +0000},
  journal = {The Leading Edge},
  number = {2},
  pages = {138-145},
  title = {{Highlights of the 2009 {SEG} Summer Research Workshop on {CO$_2$}
Sequestration}},
  volume = {29},
  year = {2010},
}


@article{Carcione2006,
  author = {Carcione, Jos\'{e} M and Picotti, Stefano and Gei, Davide and Rossi,
Giuliana},
  date-added = {2013-07-18 13:24:08 +0000},
  date-modified = {2014-04-07 14:13:05 +0000},
  journal = {Pure and Applied Geophysics},
  number = {1},
  pages = {175--207},
  title = {{Physics and Seismic Modeling for Monitoring CO$_2$ Storage}},
  volume = {163},
  year = {2006},
}


@incollection{Lemmon2014,
  abstract = {This site provides thermochemical, thermophysical, and ion
energetics data compiled by NIST under the Standard Reference Data Program.},
  address = {Gaithersburg MD, 20899, http://webbook.nist.gov},
  author = {Lemmon, Eric W. and McLinden, Mark O. and Friend, D. G.},
  booktitle = {NIST Chemistry Webbook, NIST Standard Reference Database Number
69},
  date-modified = {2014-03-24 19:00:24 +0000},
  editor = {Linstrom, P. J. and Mallard, W. G.},
  publisher = {National Institute of Standards and Technology},
  timestamp = {2012-09-01T13:08:21.000+0200},
  title = {{Thermophysical properties of fluid systems}},
  url = {http://webbook.nist.gov/chemistry/},
  year = {2014},
}


@article{Gassmann,
  author = {Gassmann, F.},
  citeulike-article-id = {9920531},
  journal = {Vier. Der Natur},
  pages = {1--23},
  posted-at = {2011-10-18 14:33:29},
  priority = {2},
  title = {{{\"{U}}ber die Elastizit{\"{a}}t por{\"{o}}ser Medien}},
  volume = {96},
  year = {1951},
}


@article{Nordbotten2005a,
  author = {Nordbotten, Jan Martin and Celia, Michael A. and Bachu, Stefan},
  doi = {10.1007/s11242-004-0670-9},
  issn = {0169-3913},
  journal = {Transport in Porous Media},
  keywords = {analytical solutions,carbon dioxide injection,carbon
sequestra-,two-phase flow},
  mendeley-groups = {REVIEW FOR ARTICLE 3},
  month = {mar},
  number = {3},
  pages = {339--360},
  title = {{Injection and storage of CO$_2$ in deep saline aquifers: analytical
solution for CO$_2$ plume evolution during injection}},
  volume = {58},
  year = {2005},
}


@article{Nordbotten2009,
  author = {Nordbotten, Jan Martin and Kavetski, Dmitri and Celia, Michael A},
  journal = {Environ. Sci. Technol.},
  number = {3},
  pages = {743--749},
  title = {{Model for CO 2 leakage including multiple geological layers and
multiple leaky wells}},
  volume = {43},
  year = {2009},
}


@article{MøllNilsen2011,
  author = {{M\o ll Nilsen}, Halvor and Herrera, Paulo a. and Ashraf, Meisam and
Ligaarden, Ingeborg and Iding, Martin and Hermanrud, Christian and Lie,
Knut-Andreas and Nordbotten, Jan M. and Dahle, Helge K. and Keilegavlen, Eirik},
  doi = {10.1016/j.egypro.2011.02.315},
  journal = {Energy Procedia},
  month = {jan},
  pages = {3801--3808},
  publisher = {Elsevier},
  title = {{Field-case simulation of CO$_2$ -plume migration using
vertical-equilibrium models}},
  volume = {4},
  year = {2011},
}


@article{Coats1967,
  author = {Coats, K. H. and Nielsen, R. L. and Terhune, Mary H. and Weber, A.
G.},
  da = {1967/12/1/},
  date-added = {2014-11-12 19:18:46 +0000},
  date-modified = {2014-11-12 19:19:03 +0000},
  journal = {Society of Petroleum Engineers},
  title = {{Simulation of Three-Dimensional, Two-Phase Flow In Oil and Gas
Reservoirs}},
  pages = {377-388},
  volume = {Dec},
  year = {1967},
}


@article{Martin1968,
  author = {Martin, John C.},
  doi = {10.2118/2040-PA},
  journal = {Society of Petroleum Engineers},
  title = {{Partial Integration of Equations of Multiphase Flow}},
  pages = {370-380},
  volume = {Dec},
  year = {1968},
}


@article{Martin1958,
  author = {Martin, John C.},
  journal = {Prod. Monthly 22},
  title = {{Some mathematical aspects of two phase flow with application to
flooding and gravity segregation}},
  pages = {22-35},
  volume = {6},
  year = {1958},
}


@article{Celia2006,
  author = {Celia, M.A. and Bachu, S. and Nordbotten, J.M. and Kavetski, D. and
Gasda, S.},
  journal = {Proceedings of the 8th Conference on Greenhouse Gas Technologies},
  title = {{A risk assessment tool to quantify CO$_2$ leakage potential through
wells in mature sedimentary basins}},
  year = {2006},
}


@article{Nordbotten2006,
  author = {Nordbotten, J.M. and Celia, M.A.},
  journal = {Proceedings of the 16th conference on Computational Methods in
Water Resources},
  title = {{Analysis of plume extent using analytical solutions for CO$_2$
storage}},
  year = {2006},
}


@article{Lie_2011,
  year = {2011},
  month = {aug},
  publisher = {Springer Science $\mathplus$ Business Media},
  volume = {16},
  number = {2},
  pages = {297--322},
  author = {Knut{\textendash}Andreas Lie and Stein Krogstad and Ingeborg
Skjelkv{\aa}le Ligaarden and Jostein Roald Natvig and Halvor M{\o}ll Nilsen and
B{\aa}rd Skaflestad},
  title = {{Open-source {MATLAB} implementation of consistent discretisations on
complex grids}},
  journal = {Computational Geosciences},
}


@article{Michael_2010,
  doi = {10.1016/j.ijggc.2009.12.011},
  year = {2010},
  month = {jul},
  publisher = {Elsevier {BV}},
  volume = {4},
  number = {4},
  pages = {659--667},
  author = {K. Michael and A. Golab and V. Shulakova and J. Ennis-King and G.
Allinson and S. Sharma and T. Aiken},
  title = {{Geological storage of CO$_2$ in saline aquifers{\textemdash}A review
of the experience from existing storage operations}},
  journal = {International Journal of Greenhouse Gas Control},
}


@article{Martens_2012,
  year = {2012},
  month = {apr},
  publisher = {Springer Science $\mathplus$ Business Media},
  volume = {67},
  number = {2},
  pages = {323--334},
  author = {S. Martens and T. Kempka and A. Liebscher and S. Lüth and F. Möller
and A. Myrttinen and B. Norden and C. Schmidt-Hattenberger and M. Zimmer and M.
Kühn},
  title = {{Europe's longest-operating on-shore {CO}2 storage site at Ketzin
Germany: a progress report after three years of injection}},
  journal = {Environmental Earth Sciences},
}

@Article{dodds13,
  Title                    = {{Evaluating time-lapse borehole gravity for CO$_2$
plume detection at \{SECARB\} Cranfield }},
  Author                   = {Kevin Dodds and Richard Krahenbuhl and Anya Reitz
and Yaoguo Li and Susan Hovorka},
  Journal                  = {International Journal of Greenhouse Gas Control },
  Year                     = {2013},
  Pages                    = {421 - 429},
  Volume                   = {18},
  Doi                      = {10.1016/j.ijggc.2013.05.024},
  ISSN                     = {1750-5836},
}

@Book{schon04,
  Title                    = {{Physical properties of rocks: Fundamentals and
principles of petrophysics}},
  Author                   = {J\"{u}rgen H. Sch\"{o}n},
  Editor                   = {Klaus Helbig and Sven Treitel},
  Publisher                = {Elsevier},
  Year                     = {2004},
  Edition                  = {1$^{st}$},
  Series                   = {Handbook of Geophysical Exploration - Seismic
Exploration},
  Volume                   = {18}
}

@article{SchmidtHattenberger2013,
title = {{Electrical Resistivity Tomography (ERT) for Monitoring of CO$_2$
Migration - from Tool Development to Reservoir Surveillance at the Ketzin Pilot
Site}},
journal = {Energy Procedia},
volume = {37},
number = {0},
pages = {4268 - 4275},
year = {2013},
author = {C. Schmidt-Hattenberger and P. Bergmann and D. B\"{o}sing and T.
Labitzke and M. M\"{o}ller and S. Schr\"{o}der and F. Wagner and H. Sch\"{u}tt},
}



@inproceedings{Chowdhury2013,
  author = {Chowdury, M. and Schmitt, D.R. and Kofman, R.},
  title = {{Seismic behavior of CO$_2$ saturated Fontainebleau sandstone under
in situ conditions}},
  booktitle = {2nd Int. Workshop on Rock Physics, Southampton, 4-9 August, 4
pp.},
  year = {2013},

}

@inproceedings{Kofman2013,
  author = {Kofman, R. and Rabbani, A. and Njiekak, G. and Schmitt, D.R.},
  title = {{Influence of cooling and heating rate on CO$_2$ condensation and
evaporation observed in a saturated synthetic rock sample}},
  booktitle = {GeoConvention, Calgary, pp. 10},
  year = {2013},

}

@inproceedings{Schmitt2012,
  author = {Schmitt, D.R. and Njiekak, G. and Yam, H. and Kofman, R. and
Chowdury, M.},
  title = {{A proposed protocol for evaluating the seismic properties of CO$_2$
saturated rocks: experiences gained from the Weyburn, Saskatchewan
sequestration project}},
  booktitle = {Proc. 11th Int. Conf. on Green House Gas Technologies, Nov.
18-22, Kyoto, 8 pp.},
  year = {2012},

}

@inbook {Barryman1995,
title = {Mixture Theories for Rock Properties},
author = {Berryman, James G.},
editor = {T.J. Ahrens.},
publisher = {American Geophysical Union},
doi = {10.1029/RF003p0205},
pages = {205--228},
booktitle = {Rock Physics $\&$ Phase Relations: A Handbook of Physical
Constants},
year = {2013},
address= {Washington DC},
date = {1995},
}

@incollection{Schmitt2015,
  doi = {10.1016/b978-0-444-53802-4.00190-1},
  url = {http://dx.doi.org/10.1016/B978-0-444-53802-4.00190-1},
  year  = {2015},
  editor = "Schubert, Gerald ",
  publisher = {Elsevier},
  pages = {43--87},
  author = {D.R. Schmitt},
  title = {Geophysical Properties of the Near Surface Earth: Seismic
Properties},
  booktitle = {Treatise on Geophysics (Second Edition)}
}

@TECHREPORT{Pruess1999,
  AUTHOR =        {K. Pruess and C. Oldenburg and G. Moridis},
  TITLE =         {{TOUGH2 User’s Guide}},
  NUMBER =        {Report LBNL- 43134},
  INSTITUTION =   {Lawrence Berkeley National Laboratory},
  ADDRESS =       {Berkeley, CA, USA},

  YEAR  =         {1999},

}

@TECHREPORT{Pruess2005,
  AUTHOR =        {K. Pruess},
  TITLE =         {{ECO2N:A TOUGH2 Fluid Property Module for
Mixtures of Water, NaCl, and CO$_2$}},
  NUMBER =        {Report LBNL- 57952},
  INSTITUTION =   {Lawrence Berkeley National Laboratory},
  ADDRESS =       {Berkeley, CA, USA},

  YEAR  =         {2005},

}

@article{Geertsma1961,
  author = {J. Geertsma},
  doi = {10.2118/1535-G},
  journal = {Society of Petroleum Engineers},
  title = {{Velocity-Log Interpretation: The Effect of Rock Bulk
Compressibility}},
  month = {Dec.},
  volume = {1},
  year = {1961},
}

@article{Span1996,
   author = {Span, R. and Wagner, W.},
   title = {{A new equation of state for carbon dioxide covering the fluid
region from the triple point temperature to 1100 K at pressures up to 800 MPa}},
   journal = {Journal of Physical and Chemical Reference Data},
   year = {1996},
   volume = {25},
   number = {6},
   pages = {1509-1596},
}

@book{Aki1980,
    author = {Aki, K and Richards, P.G.},
    edition = {2},
    howpublished = {Hardcover},
    publisher = {University Science Books},
    title = {{Quantitative Seismology: Theory and Methods}},
      year = {1980},

}

@inbook{Ostrander1982,
author = {W. J. Ostrander},
title = {Plane wave reflection coefficients for gas sands at nonnormal angles of
incidence},
booktitle = {SEG Technical Program Expanded Abstracts 1982},
chapter = {123},
pages = {216-218},
doi = {10.1190/1.1826898},
year = {1982},

}

@article{Ostrander1984,
author = {Ostrander, W.},
title = {Plane-wave reflection coefficients for gas sands at nonnormal angles of
incidence},
journal = {GEOPHYSICS},
volume = {49},
number = {10},
pages = {1637-1648},
year = {1984},
doi = {10.1190/1.1441571},
}

@inbook{Backus1982,
author = {Milo M. Backus and Francisco Nepomuceno and Jingazhong Cao},
title = {The reflection seismogram in a solid layered earth},
booktitle = {SEG Technical Program Expanded Abstracts 1982},
chapter = {124},
pages = {218-220},
doi = {10.1190/1.1826899},
year = {1982},

}
