@article{Hashin1963,
  Author        = {Hashin, Z. and Shtrikman, S.},
  Date-Added    = {2014-03-18 18:23:05 +0000},
  Date-Modified = {2014-03-18 18:23:22 +0000},
  Document_Type = {Article},
  Journal       = {Journal of the Mechanics and Physics of Solids},
  Number        = {2},
  Pages         = {127-140},
  Title         = {A variational approach to the theory of the elastic behaviour of multiphase materials},
  Volume        = {11},
  Year          = {1963}
}

@ARTICLE{Wang2004, 
  author  = {Zhou Wang and Bovik, A.C. and Sheikh, H.R. and Simoncelli, E.P.},
  journal = {{Image Processing, IEEE Transactions on}},
  title   = {Image quality assessment: from error visibility to structural similarity},
  year    = {2004},
  month   = {April},
  volume  = {13},
  number  = {4},
  pages   = {600-612},
  doi     = {10.1109/TIP.2003.819861},
  ISSN    = {1057-7149},
}

@book{Mavko2009,
    author       = {Mavko, G.},
    edition      = {2nd},
    howpublished = {Hardcover},
    isbn         = {0521861365},
    month        = may,
    priority     = {0},
    publisher    = {Cambridge University Press},
    title        = {{The Rock Physics Handbook: Tools for Seismic Analysis of Porous Media}},
    year         = {2009}
}

@article{Carman1938,
    author = {Carman, P.C.},
    journal= {Journal of the Society of Chemical Industries},
    pages  = {225--234},
    title  = {The determination of the specific surface of powders},
    volume = {57},
    year   = {1938}
}

@article{Kozeny1927,
    author  = {Kozeny, J.},
    journal = {Akad. Wiss. Wien},
    keywords= {file-import-09-03-09},
    pages   = {271--306},
    priority= {2},
    title   = {{\"{U}ber kapillare Leitung des Wassers im Boden}},
    volume  = {136},
    year    = {1927}
}


@article{Giroux2012,
  author = {Bernard Giroux},
  date-added = {2013-08-20 14:50:21 +0000},
  date-modified = {2014-03-13 19:11:21 +0000},
  journal = {{Computers $\&$ Geosciences}},
  pages = {149 - 160},
  title = {{Performance of convolutional perfectly matched layers for pseudospectral time domain poroviscoelastic schemes}},
  volume = {45},
  year = {2012},
}

@article{Carcione2006,
  author = {Carcione, Jos\'{e} M and Picotti, Stefano and Gei, Davide and Rossi, Giuliana},
  date-added = {2013-07-18 13:24:08 +0000},
  date-modified = {2014-04-07 14:13:05 +0000},
  journal = {Pure and Applied Geophysics},
  number = {1},
  pages = {175--207},
  title = {{Physics and Seismic Modeling for Monitoring CO$_2$ Storage}},
  volume = {163},
  year = {2006},
}

@article{Claprood2012,
  author       = {Claprood, M. and Gloaguen, E. and Giroux, B. and Konstantinovskaya, E. and Malo, M. and Duchesne, M.J.},
  date-added   = {2014-02-03 19:24:47 +0000},
  date-modified= {2014-02-03 19:25:20 +0000},
  journal      = {Greenhouse Gases: Science and Technology},
  number       = {4},
  pages        = {260-278},
  title        = {{Workflow using sparse vintage data for building a first geological and reservoir model for CO$_2$ geological storage in deep saline aquifer. A case study in the St. Lawrence Platform, Canada}},
  volume       = {2},
  year         = {2012},
}

@article {Greenberg1992,
author   = {Greenberg, M. L. and Castagna, J. P.},
title    = {Shear-wave velocity estimation in porous rocks: theoretical formulation, preliminary verification and applications},
journal  = {Geophysical Prospecting},
volume   = {40},
number   = {2},
publisher= {Blackwell Publishing Ltd},
issn     = {1365-2478},
doi      = {10.1111/j.1365-2478.1992.tb00371.x},
pages    = {195--209},
year     = {1992},
}
@article{Malo2012,
  author = {Michel Malo and Karine B{\'e}dard},
  journal= {Energy Procedia},
  pages  = {487 - 494},
  title  = {{Basin-Scale Assessment for CO$_2$ Storage Prospectivity in the Province of Qu\'ebec, Canada}},
  volume = {23},
  year   = {2012},
}
@article{Gassmann,
  author              = {Gassmann, F.},
  citeulike-article-id= {9920531},
  journal             = {Vier. Der Natur},
  pages               = {1--23},
  posted-at           = {2011-10-18 14:33:29},
  priority            = {2},
  title               = {{{\"{U}}ber die Elastizit{\"{a}}t por{\"{o}}ser Medien}},
  volume              = {96},
  year                = {1951},
}

@article{Lie_2011,
  year     = {2011},
  month    = {aug},
  publisher= {Springer Science $\mathplus$ Business Media},
  volume   = {16},
  number   = {2},
  pages    = {297--322},
  author   = {Knut{\textendash}Andreas Lie and Stein Krogstad and Ingeborg Skjelkv{\aa}le Ligaarden and Jostein Roald Natvig and Halvor M{\o}ll Nilsen and B{\aa}rd Skaflestad},
  title    = {{Open-source {MATLAB} implementation of consistent discretisations on complex grids}},
  journal  = {Computational Geosciences},
}

@article{Nilsen2014,
year   ={2014},
issn   ={0882-8121},
journal={{Submitted to Computational Geosciences}},
volume ={},
number ={},
doi    ={},
title  ={{Fully-implicit simulation of vertical-equilibrium models with hysteresis and capillary fringe}},
author ={Nilsen, H. M. and Lie, K.-A. and Andersen, O.},
pages  ={},
}

@book{Nordbotten2011,
 title    ={{Geological Storage of CO$_2$: Modeling Approaches for Large-Scale Simulation}},
 author   ={Nordbotten, J.M. and Celia, M.A.},
 isbn     ={9781118137079},
 year     ={2011},
 publisher={John Wiley \& Sons, Inc., Hoboken, NJ, USA},
 doi      = {10.1002/9781118137086},

}

@article{Hu2001,
year     ={2001},
issn     ={0882-8121},
journal  ={Mathematical Geology},
volume   ={33},
number   ={4},
doi      ={10.1023/A:1011088913233},
title    ={{Gradual Deformation and Iterative Calibration of Sequential Stochastic Simulations}},
publisher={Kluwer Academic Publishers-Plenum Publishers},
author   ={Hu, LinY. and Blanc, Georges and Noetinger, Benoît},
pages    ={475-489},
}

@article{LeRavalec2000,
year={2000},
issn={0882-8121},
journal={Mathematical Geology},
volume={32},
number={6},
doi={10.1023/A:1007542406333},
title={{The FFT Moving Average (FFT-MA) Generator: An Efficient Numerical Method for Generating and Conditioning Gaussian Simulations}},
publisher={Kluwer Academic Publishers-Plenum Publishers},
author={Mickaële Le Ravalec and Noetinger, Benoît and Hu, LinY.},
pages={701-723},
}

@article{LeRavalec2012,
title = {{Calibrating transmissivities from piezometric heads with the gradual deformation method: An application to the Culebra Dolomite unit at the Waste Isolation Pilot Plant (WIPP), New Mexico, USA}},
journal = "Journal of Hydrology ",
volume = "472–473",
number = "0",
pages = "1 - 13",
year = "2012",
note = "",
issn = "0022-1694",
doi = "http://dx.doi.org/10.1016/j.jhydrol.2012.08.053",
author = "Mickaële Le Ravalec and Emmanuel Mouche",
}

@book{Tarantola_2005,
  title = {{Inverse Problem Theory and Methods for Model Parameter Estimation}},
  isbn = {978-0-89871-572-9},
  url = {http://dx.doi.org/10.1137/1.9780898717921},
  doi = {10.1137/1.9780898717921},
  publisher = {Society for Industrial \& Applied Mathematics (SIAM)},
  author = {Tarantola, Albert},
  year = {2005},
  month = {Jan},
}


@article{Grana2012,
  title = {{Stochastic inversion of facies from seismic data based on sequential simulations and probability perturbation method}},
  volume = {77},
  url = {http://dx.doi.org/10.1190/geo2011-0417.1},
  doi = {10.1190/geo2011-0417.1},
  number = {4},
  journal = {GEOPHYSICS},
  publisher = {Society of Exploration Geophysicists},
  author = {Grana, Dario and Mukerji, Tapan and Dvorkin, Jack and Mavko, Gary},
  year = {2012},
  month = {Jul},
  pages = {M53-M72},
}


@article{Buland_Omre_2003,
  title = {{Bayesian linearized AVO inversion}},
  volume = {68},
  url = {http://dx.doi.org/10.1190/1.1543206},
  doi = {10.1190/1.1543206},
  number = {1},
  journal = {GEOPHYSICS},
  publisher = {Society of Exploration Geophysicists},
  author = {Buland, Arild and Omre, Henning},
  year = {2003},
  month = {Jan},
  pages = {185-198},
}


@article{Mukerji2001,
  author = {Mukerji, T. and Jorstad, A. and Avseth, P. and Mavko, G. and Granli, J.},
  title = {{Mapping lithofacies and pore-fluid probabilities in a North Sea reservoir: Seismic inversions and statistical rock physics}},
  journal = {GEOPHYSICS},
  volume = {66},
  number = {4},
  pages = {988-1001},
  year = {2001},
  doi = {10.1190/1.1487078},
}


@article{Avseth2001,
  author = {Avseth, P. and Mukerji, T. and Jorstad, A. and Mavko, G. and Veggeland, T.},
  title = {{Seismic reservoir mapping from 3D AVO in a North Sea turbidite system}},
  journal = {GEOPHYSICS},
  volume = {66},
  number = {4},
  pages = {1157-1176},
  year = {2001},
  doi = {10.1190/1.1487063},
}


@article{Gonzalez2008,
  author = {Gonz\'alez, E. and Mukerji, T. and Mavko, G.},
  title = {{Seismic inversion combining rock physics and multiple-point geostatistics}},
  journal = {GEOPHYSICS},
  volume = {73},
  number = {1},
  pages = {R11-R21},
  year = {2008},
  doi = {10.1190/1.2803748},
}


@article{Bosch2009,
  author = {Bosch, M. and Carvajal, C. and Rodrigues, J. and Torres, A. and Aldana, M. and Sierra, J.},
  title = {{Petrophysical seismic inversion conditioned to well-log data: Methods and application to a gas reservoir}},
  journal = {GEOPHYSICS},
  volume = {74},
  number = {2},
  pages = {O1-O15},
  year = {2009},
  doi = {10.1190/1.3043796},
}


@article{Larsen2006,
  author = {Larsen, A. and Ulvmoen, M. and Omre, H. and Buland, A.},
  title = {{Bayesian lithology/fluid prediction and simulation on the basis of a Markov-chain prior model}},
  journal = {GEOPHYSICS},
  volume = {71},
  number = {5},
  pages = {R69-R78},
  year = {2006},
  doi = {10.1190/1.2245469},
}


@article{Eidsvik2004,
  author = {Eidsvik, J. and Avseth, P. and Omre, H. and Mukerji, T. and Mavko, G.},
  title = {{Stochastic reservoir characterization using prestack seismic data}},
  journal = {GEOPHYSICS},
  volume = {69},
  number = {4},
  pages = {978-993},
  year = {2004},
  doi = {10.1190/1.1778241},
}


@article{Hensen2012,
  year = {2012},
  issn = {1420-0597},
  journal = {Computational Geosciences},
  volume = {16},
  number = {3},
  doi = {10.1007/s10596-011-9271-1},
  title = {{Inverse problems with non-trivial priors: efficient solution through sequential Gibbs sampling}},
  url = {http://dx.doi.org/10.1007/s10596-011-9271-1},
  publisher = {Springer Netherlands},
  keywords = {Inverse problem theory; Geostatistics; Geology; Prior information},
  author = {Hansen, ThomasMejer and Cordua, KnudSkou and Mosegaard, Klaus},
  pages = {593-611},
  language = {English},
}


@article{Ulvmoen2010,
  author = {Ulvmoen, M. and Omre, H.},
  title = {{Improved resolution in Bayesian lithology/fluid inversion from prestack seismic data and well observations: Part 1 Methodology}},
  journal = {GEOPHYSICS},
  volume = {75},
  number = {2},
  pages = {R21-R35},
  year = {2010},
  doi = {10.1190/1.3294570},
}


@article{Rimstad2010,
  author = {Rimstad, K. and Omre, H.},
  title = {{Impact of rock-physics depth trends and Markov random fields on hierarchical Bayesian lithology/fluid prediction}},
  journal = {GEOPHYSICS},
  volume = {75},
  number = {4},
  pages = {R93-R108},
  year = {2010},
  doi = {10.1190/1.3463475},
}


@article{Gunning2007,
  author = {Gunning, J. and Glinsky, M.},
  title = {{Detection of reservoir quality using Bayesian seismic inversion}},
  journal = {GEOPHYSICS},
  volume = {72},
  number = {3},
  pages = {R37-R49},
  year = {2007},
  doi = {10.1190/1.2713043},
}


@article{Caers2006,
  doi = {10.1007/s11004-005-9005-9},
  url = {http://dx.doi.org/10.1007/s11004-005-9005-9},
  year = {2006},
  month = {Jan},
  publisher = {Springer Science + Business Media},
  volume = {38},
  number = {1},
  pages = {81-100},
  author = {Jef Caers and Todd Hoffman},
  title = {{The Probability Perturbation Method: A New Look at Bayesian Inverse Modeling}},
  journal = {Mathematical Geology},
}


@article{Azevedo_2013,
  doi = {10.1190/geo2013-0037.1},
  url = {http://dx.doi.org/10.1190/geo2013-0037.1},
  year = {2013},
  month = {Nov},
  publisher = {Society of Exploration Geophysicists},
  volume = {79},
  number = {1},
  pages = {M1-M10},
  author = {Leonardo Azevedo and Ruben Nunes and Pedro Correia and Am\'ilcar Soares and Luis Guerreiro and Guenther Schwedersky Neto},
  title = {{Multidimensional scaling for the evaluation of a geostatistical seismic elastic inversion methodology}},
  journal = {GEOPHYSICS},
}


@inproceedings{Roggero_1998,
  doi = {10.2118/49004-ms},
  url = {http://dx.doi.org/10.2118/49004-MS},
  year = {1998},
  publisher = {Society of Petroleum Engineers},
  author = {F. Roggero and L.Y. Hu},
  title = {{Gradual Deformation of Continuous Geostatistical Models for History Matching}},
  booktitle = {SPE Annual Technical Conference and Exhibition},
}


@BOOK{Deutsch1998,
  author = {Deutsch, C.V. and Journel, A.G.},
  title = {{GSLIB: geostatistical software library and user's guide. Second edition}},
  journal = {GSLIB: geostatistical software library and user's guide. Second edition},
  year = {1998},
  page_count = {369},
  note = {cited By (since 1996)1489},
  document_type = {Book},
  source = {Scopus},
}


@article{Doyen_1988,
  doi = {10.1190/1.1442404},
  url = {http://dx.doi.org/10.1190/1.1442404},
  year = {1988},
  month = {Oct},
  publisher = {Society of Exploration Geophysicists},
  volume = {53},
  number = {10},
  pages = {1263-1275},
  author = {Philippe M. Doyen},
  title = {{Porosity from seismic data: A geostatistical approach}},
  journal = {GEOPHYSICS},
}


@inproceedings{Lucet_1991,
  doi = {10.1190/1.1888918},
  url = {http://dx.doi.org/10.1190/1.1888918},
  year = {1991},
  month = {Jan},
  publisher = {Society of Exploration Geophysicists},
  author = {Nathalie M. Lucet and Gary M. Mavko},
  title = {{Images of rock properties estimated from a cross‐well tomogram}},
  booktitle = {SEG Technical Program Expanded Abstracts 1991},
}


@article{Mukerji_2001,
  doi = {10.1190/1.1438938},
  url = {http://dx.doi.org/10.1190/1.1438938},
  year = {2001},
  month = {Mar},
  publisher = {Society of Exploration Geophysicists},
  volume = {20},
  number = {3},
  pages = {313-319},
  author = {Tapan Mukerji and Per Avseth and Gary Mavko and Isao Takahashi and Ezequiel F. Gonz\'alez},
  title = {{Statistical rock physics: Combining rock physics information theory, and geostatistics to reduce uncertainty in seismic reservoir characterization}},
  journal = {The Leading Edge},
}


@book{avseth_etal:2005,
  author = {Avseth, Per and Mukerji, Tapan and Mavko, Gary},
  day = {21},
  howpublished = {Hardcover},
  isbn = {0521816017},
  keywords = {book, geophysics, reservoir, rockphysics, seismics},
  month = {mar},
  posted-at = {2009-04-20 16:13:42},
  priority = {0},
  publisher = {Cambridge University Press},
  title = {{Quantitative Seismic Interpretation: Applying Rock Physics Tools to Reduce Interpretation Risk}},
  url = {http://www.worldcat.org/isbn/0521816017},
  year = {2005},
}


@article{Giroux_2012,
  doi = {10.1016/j.cageo.2011.10.030},
  url = {http://dx.doi.org/10.1016/j.cageo.2011.10.030},
  year = {2012},
  month = {Aug},
  publisher = {Elsevier BV},
  volume = {45},
  pages = {149-160},
  author = {Bernard Giroux},
  title = {{Performance of convolutional perfectly matched layers for pseudospectral time domain poroviscoelastic schemes}},
  journal = {Computers \& Geosciences},
}


@book{Doyen2007,
  author = {Doyen, Philippe},
  publisher = {EAGE},
  title = {{Seismic Reservoir Characterization: An Earth Modelling Perspective}},
  year = {2007},
}


@article{Hu_2002,
  doi = {10.1023/a:1021316707087},
  url = {http://dx.doi.org/10.1023/A:1021316707087},
  title = {{Combination of dependent realizations within the gradual deformation method}},
  year = {2002},
  publisher = {Springer Science + Business Media},
  volume = {34},
  number = {8},
  pages = {953-963},
  author = {Lin Y. Hu},
  journal = {Mathematical Geology},
}


@article{Hu_2000,
  doi = {10.1023/a:1007506918588},
  url = {http://dx.doi.org/10.1023/A:1007506918588},
  title = {{Gradual deformation and iterative calibration of Gaussian-related stochastic models}},
  year = {2000},
  publisher = {Springer Science $\mathplus$ Business Media},
  volume = {32},
  number = {1},
  pages = {87--108},
  author = {Lin Y. Hu},
  journal = {Mathematical Geology},
}


@article{Ying_2000,
  title = {{An improved deformation algorithm for automatic history matching}},
  url = {},
  year = {2000},
  publisher = {},
  volume = {},
  number = {},
  pages = {},
  author = {Z. Ying and J.J. Gomez-Hernandez},
  journal = {Report 13, Stanford Center for Reservoir Forecasting (SCRF) Annual Report, Stanford, CA, USA},
}


@article{Bohlen_2002,
  doi = {10.1016/s0098-3004(02)00006-7},
  url = {http://dx.doi.org/10.1016/s0098-3004(02)00006-7},
  year = {2002},
  month = {oct},
  publisher = {Elsevier $\lbrace$BV$\rbrace$},
  volume = {28},
  number = {8},
  pages = {887--899},
  author = {Thomas Bohlen},
  title = {{Parallel 3-D viscoelastic finite difference seismic modelling}},
  journal = {Computers {\&} Geosciences},
}


@article{Malo_2012,
  doi = {10.1016/j.egypro.2012.06.031},
  url = {http://dx.doi.org/10.1016/j.egypro.2012.06.031},
  year = {2012},
  month = {jan},
  publisher = {Elsevier $\lbrace$BV$\rbrace$},
  volume = {23},
  pages = {487--494},
  author = {Michel Malo and Karine B{\'{e}}dard},
  title = {{Basin-Scale Assessment for $\lbrace$CO$\rbrace$2 Storage Prospectivity in the Province of Qu{\'{e}}bec Canada}},
  journal = {Energy Procedia},
}

@article{Ramirez2013,
title = {{Estimating reservoir permeabilities using the seismic response to CO$_2$ injection and stochastic inversion }},
journal = "International Journal of Greenhouse Gas Control ",
volume = "16, Supplement 1",
number = "0",
pages = "S146 - S159",
year = "2013",
issn = "1750-5836",
doi = "http://dx.doi.org/10.1016/j.ijggc.2012.11.031",
author = "A. Ramirez and D. White and Y. Hao and K. Dyer and J. Johnson",
}

