@article{Brie1995,
	Author = {Brie, A. and Pampuri, F. and Marsala, A. F. and Meazza, O.},
	C1 = {SPE},
	Year = {1995},
	Doi = {10.2118/30595-MS},
	Isbn = {978-1-55563-441-4},
	J2 = {SPE-30595-MS},
	Publisher = {Society of Petroleum Engineers},
	Title = {Shear Sonic Interpretation in Gas-Bearing Sands},
	Ty = {CPAPER},
	Bdsk-Url-1 = {http://dx.doi.org/10.2118/30595-MS}}


@book{wood1955,
  title={{A Textbook of Sound: Being an Account of the Physics of Vibrations with Special Reference to Recent Theoretical and Technical Developments}},
  author={Wood, A.B.},
  lccn={30030560},
  url={https://books.google.ca/books?id=015DAAAAIAAJ},
  year={1955},
  publisher={G. Bell and Sons Limited}
}

@article{Hamilton1971,
  doi = {10.1029/jb076i002p00579},
  year  = {1971},
  month = {jan},
  publisher = {Wiley-Blackwell},
  volume = {76},
  number = {2},
  pages = {579--604},
  author = {Edwin L. Hamilton},
  title = {Elastic properties of marine sediments},
  journal = {J. Geophys. Res.}
}
@inproceedings{Bellefleur2004,
  doi = {10.1190/1.1851254},
  year  = {2004},
  month = {jan},
  publisher = {Society of Exploration Geophysicists},
  author = {Gilles Bellefleur and Don White and Tom Davis},
  title = {P-wave imaging using 3D-{VSP} data in {VTI} media,  Weyburn Field,  Saskatchewan Canada},
  booktitle = {{SEG} Technical Program Expanded Abstracts 2004}
}

@article{White2014,
  doi = {10.1016/j.egypro.2014.11.477},
  year  = {2014},
  publisher = {Elsevier {BV}},
  volume = {63},
  pages = {4418--4423},
  author = {D.J. White and L.A.N. Roach and B. Roberts and T.M. Daley},
  title = {{Initial Results from Seismic Monitoring at the Aquistore CO$_2$ Storage Site,  Saskatchewan,  Canada}},
  journal = {Energy Procedia}
}

@article{Ivandic2012,
  doi = {10.1016/j.jappgeo.2012.05.010},
  year  = {2012},
  month = {sep},
  publisher = {Elsevier {BV}},
  volume = {84},
  pages = {14--28},
  author = {Monika Ivandic and Can Yang and Stefan L\"{u}th and Calin Cosma and Christopher Juhlin},
  title = {{Time-lapse analysis of sparse 3D seismic data from the CO$_2$ storage pilot site at Ketzin,  Germany}},
  journal = {Journal of Applied Geophysics}
}

@conference{Diersch2014,
  author = {Diersch, M. and G\"{o}tz, J. and Ivanova, A. and Juhlin, C. and L\"{u}th, S. and Krawczyk, C. M.},
  journal = {Geophysical Research Abstracts - General Assembly European Geosciences Union (Vienna, Austira 2014).},
  pages = {EGU2014-16467},
  booktitle = {{Time-lapse seismic monitoring of the CO$_2$ injection at Ketzin, Germany: Inversion of 3D surface- and VSP-data for acoustic impedances}},
  volume = {16},
  year = {2014},
}

@article{Gotz2014,
  doi = {10.1155/2014/294717},
  year  = {2014},
  publisher = {Hindawi Publishing Corporation},
  volume = {2014},
  pages = {1--15},
  author = {Julia G\"{o}tz and Stefan L\"{u}th and Charlotte M. Krawczyk and Calin Cosma},
  title = {{Zero-Offset {VSP} Monitoring of CO$_2$ Storage: Impedance Inversion and Wedge Modelling at the Ketzin Pilot Site}},
  journal = {International Journal of Geophysics}
}
@mastersthesis{Chowdhury2014,
  author = {M. Chowdhury},
  school = {{Dept. of Physics, University of Alberta}},
  title = {{Effects of CO$_2$ on seismic wave speed in Fontainebleau sandstone}},
  year = {2014},
}

@article{Zhang2010,
  title = {{AVO processing of walkaway VSP data at Ross Lake heavy oilfield, Saskatchewan}},
  year = {2010},
  puohlisher = {},
  volume = {22},
  number = {},
  pages = {},
  author = {Z. Zhang and R.R. Stewart and D.C. Lawton},
  journal = {{CREWES Research report}},
}
@article{Coulombe1996,
  year  = {1996},
  month = {june},
  volume = {32},
  number = {1},
  pages = {41--52},
  author = {C. A. Coulombe and R.R. Stewart and M.J. Jones},
  title = {{AVO processing and interpretation of VSP data}},
  journal = {{Canadian Journal of Exploration Geophysics}}
}

@article{Kitamura2014,
  doi = {10.1016/j.ijggc.2014.03.013},
  year  = {2014},
  month = {jun},
  publisher = {Elsevier {BV}},
  volume = {25},
  pages = {54--61},
  author = {Keigo Kitamura and Ziqiu Xue and Tetsuya Kogure and Osamu Nishizawa},
  title = {{The potential of Vs and Vp{\textendash}Vs relation for the monitoring of the change of CO$_2$-saturation in porous sandstone}},
  journal = {International Journal of Greenhouse Gas Control}
}

@article{DonaldRWiesnet1961,
  doi = {10.1306/74d70ae7-2b21-11d7-8648000102c1865d},
  year  = {1961},
  publisher = {Society for Sedimentary Geology},
  volume = {Vol. 31},
  author = {Donald R. Wiesnet},
  title = {Composition,  Grain Size,  Roundness,  and Sphericity of the Potsdam Sandstone (Cambrian) in Northeastern New York},
  journal = {{SEPM} Journal of Sedimentary Research}
}

@article{Giroux2001,
  doi = {10.1139/l00-103},
  year  = {2001},
  month = {jun},
  publisher = {Canadian Science Publishing},
  volume = {28},
  number = {3},
  pages = {496--508},
  author = {B Giroux and M Chouteau and L Laverdure},
  title = {{\'{E}}valuation du facteur de qualit{\'{e}} sismique au barrage de Carillon (Qu{\'{e}}bec)},
  journal = {Canadian Journal of Civil Engineering}
}

@article{Claprood2013,
  doi = {10.3997/1365-2397.2013024},
  year  = {2013},
  publisher = {{EAGE} Publications},
  volume = {31},
  number = {1992},
  author = {M. Claprood and E. Gloaguen and M. Sauvageau and B. Giroux and M. Malo},
  title = {{Stochastic seismic inversion to reduce the bias in simulated porosity field for CO$_2$ injection in the Saint-Flavien reservoir,  Qu{\'{e}}bec,  Canada}},
  journal = {{First Break}}
}

@article{DubreuilBoisclair2012,
  doi = {10.1190/tle31091076.1},
  year  = {2012},
  month = {sep},
  publisher = {Society of Exploration Geophysicists},
  volume = {31},
  number = {9},
  pages = {1076--1081},
  author = {Camille Dubreuil-Boisclair and Erwan Gloaguen and Gilles Bellefleur and Denis Marcotte},
  title = {{Stochastic volume estimation and connectivity analysis at the Mallik gas hydrate field,  Northwest Territories,  Canada}},
  journal = {The Leading Edge}
}

@article{Howarth2011a,
  doi = {10.1038/477271a},
  url = {http://dx.doi.org/10.1038/477271a},
  year  = {2011},
  month = {sep},
  publisher = {Nature Publishing Group},
  volume = {477},
  number = {7364},
  pages = {271--275},
  author = {Robert W. Howarth and Anthony Ingraffea and Terry Engelder},
  title = {Natural gas: Should fracking stop?},
  journal = {Nature}
}

@article{Howarth2011b,
  doi = {10.1007/s10584-011-0061-5},
  year  = {2011},
  month = {apr},
  publisher = {Springer Science $\mathplus$ Business Media},
  volume = {106},
  number = {4},
  pages = {679--690},
  author = {Robert W. Howarth and Renee Santoro and Anthony Ingraffea},
  title = {Methane and the greenhouse-gas footprint of natural gas from shale formations},
  journal = {Climatic Change}
}

@article{Osborn2011,
  doi = {10.1073/pnas.1100682108},
  year  = {2011},
  month = {may},
  publisher = {Proceedings of the National Academy of Sciences},
  volume = {108},
  number = {20},
  pages = {8172--8176},
  author = {S. G. Osborn and A. Vengosh and N. R. Warner and R. B. Jackson},
  title = {Methane contamination of drinking water accompanying gas-well drilling and hydraulic fracturing},
  journal = {Proceedings of the National Academy of Sciences}
}

@article{Pacala2004,
  doi = {10.1126/science.1100103},
  year  = {2004},
  month = {aug},
  publisher = {American Association for the Advancement of Science ({AAAS})},
  volume = {305},
  number = {5686},
  pages = {968--972},
  author = {S. Pacala},
  title = {{Stabilization Wedges: Solving the Climate Problem for the Next 50 Years with Current Technologies}},
  journal = {Science}
}

@techreport{WMO2014,
author = {WMO},
title = {{WMO Greenhouse Gas Bulletin (GHG Bulletin) - N°10 - Climate Summit edition: The State of Greenhouse Gases in the Atmosphere Based on Global Observations through 2013}},
publisher = {{WMO}},
address = {{Geneva}},
year = {2014}
}

@book{Dagnelie2011,
  Author = {Pierre Dagnelie},
  Title = {Statistique Théorique et Appliquee Vol.2 Inference Statistique a 1 et a 2 Dimensions},
  Publisher = {DE BOECK},
  Year = {2011},
  ISBN = {2804163369},
}
@ARTICLE{Gab2014,
   author = {{Fabien-Ouellet}, G. and {Gloaguen}, E. and {Giroux}, B.},
    title = "{Viscoelastic Finite Difference Modeling Using Graphics Processing Units}",
  journal = {AGU Fall Meeting Abstracts},
 keywords = {0920 Gravity methods, 0925 Magnetic and electrical methods, 0935 Seismic methods, 0999 General or miscellaneous},
     year = 2014,
    month = dec,
    pages = {A3850},
   adsurl = {http://adsabs.harvard.edu/abs/2014AGUFMNS43A3850F},
  adsnote = {Provided by the SAO/NASA Astrophysics Data System}
}

@book{LeRavalec2005,
  Author = {Mickaële {Le Ravalec}},
  Title = {{Inverse stochastic modeling of flow in porous media (IFP Publications)}},
  Publisher = {Editions Technip},
  Year = {2005},
  ISBN = {2710808641},
}

@article{Bosch2010,
  doi = {10.1190/1.3478209},
  year  = {2010},
  month = {sep},
  publisher = {Society of Exploration Geophysicists},
  volume = {75},
  number = {5},
  pages = {75A165--75A176},
  author = {Miguel Bosch and Tapan Mukerji and Ezequiel F. Gonzalez},
  title = {Seismic inversion for reservoir properties combining statistical rock physics and geostatistics: A review},
  journal = {{Geophysics}}
}

@book{Dubrule2003,
  Author = {Olivier Dubrule},
  Title = {Geostatistics for Seismic Data Integration in Earth Models (DISC No. 6) (Distinguished Instructor Series)},
  Publisher = {Society Of Exploration Geophysicists},
  Year = {2003},
  ISBN = {1560801212},
}

@article{Bosch2004,
  doi = {10.1190/1.1801944},
  year  = {2004},
  month = {sep},
  publisher = {Society of Exploration Geophysicists},
  volume = {69},
  number = {5},
  pages = {1272--1282},
  author = {Miguel Bosch},
  title = {The optimization approach to lithological tomography: Combining seismic data and petrophysics for porosity prediction},
  journal = {{Geophysics}}
}

@article{Ulrych2001,
  doi = {10.1190/1.1444923},
  year  = {2001},
  month = {jan},
  publisher = {Society of Exploration Geophysicists},
  volume = {66},
  number = {1},
  pages = {55--69},
  author = {Tadeusz J. Ulrych and Mauricio D. Sacchi and Alan Woodbury},
  title = {A Bayes tour of inversion: A tutorial},
  journal = {{Geophysics}}
}
@article{Duijndam1988,
  doi = {10.1111/j.1365-2478.1988.tb02198.x},
  year  = {1988},
  month = {nov},
  publisher = {Wiley-Blackwell},
  volume = {36},
  number = {8},
  pages = {878--898},
  author = {A. J. W. Duijndam},
  title = {{Bayesian estimation in seismic inversion. Part I: Principles}},
  journal = {Geophysical Prospecting}
}

@article{Duijndam1988b,
  doi = {10.1111/j.1365-2478.1988.tb02199.x},
  year  = {1988},
  month = {nov},
  publisher = {Wiley-Blackwell},
  volume = {36},
  number = {8},
  pages = {899--918},
  author = {A. J. W. Duijndam},
  title = {{Bayesian estimation in seismic inversion. Part I: Analysis}},
  journal = {Geophysical Prospecting}
}



@TECHREPORT{EU2014,
  AUTHOR =        {EU},
  TITLE =         {{Report from the commission to the european parliament and the council on the implementation of Directive 2009/31/EC on the geological storage of carbon dioxide}},
  INSTITUTION =   {European Union},
  YEAR  =         {2014},

}
@article{Daley2007,
  doi = {10.1007/s00254-007-0943-z},
  year  = {2007},
  month = {jul},
  publisher = {Springer Science $\mathplus$ Business Media},
  volume = {54},
  number = {8},
  pages = {1657--1665},
  author = {Thomas M. Daley and Larry R. Myer and J. E. Peterson and E. L. Majer and G. M. Hoversten},
  title = {{Time-lapse crosswell seismic and VSP monitoring of injected CO$_2$ in a brine aquifer}},
  journal = {Environmental Geology}
}
@article{Wright2013,
  doi = {10.1016/j.egypro.2013.06.445},
  year  = {2013},
  publisher = {Elsevier {BV}},
  volume = {37},
  pages = {5280--5289},
  author = {Robert Wright and Frank Mourits and Leonardo Beltran Rodr{\'{\i}}guez and Mois{\'{e}}s D{\'{a}}vila Serrano},
  title = {The First North American Carbon Storage Atlas},
  journal = {Energy Procedia}
}

@TECHREPORT{Lie2012,
  AUTHOR =        {K.-A. Lie},
  TITLE =         {{SAn Introduction to reservoir simulation using Matlab: User guide for the Matlab Reservoir Simulation Toolbox (MRST)}},
  NUMBER =        {},
  INSTITUTION =   {SINTEF ICT,Departement of Applied Mathematics},
  ADDRESS =       {Oslo, Norway},

  YEAR  =         {2014},

}

@article{Ligaarden2010,
author={Ligaarden, I. and Nilsen, H.M.},
title={{Numerical aspects of using vertical equilibrium models for simulating CO$_2$ sequestration}},
journal={{ECMOR 2010 - 12th European Conference on the Mathematics of Oil Recovery, 6 – 9 September 2010, Oxford, UK}},
year={2010},
}

@article{Gasda2009,
  doi = {10.1007/s10596-009-9138-x},
  year  = {2009},
  month = {apr},
  publisher = {Springer Science $\mathplus$ Business Media},
  volume = {13},
  number = {4},
  pages = {469--481},
  author = {S. E. Gasda and J. M. Nordbotten and M. A. Celia},
  title = {{Vertical equilibrium with sub-scale analytical methods for geological CO$_2$ sequestration}},
  journal = {Computational Geosciences}
}

@article{Nordbotten2005,
  doi = {10.1021/es035338i},
  url = {http://dx.doi.org/10.1021/es035338i},
  year  = {2005},
  month = {jan},
  publisher = {American Chemical Society ({ACS})},
  volume = {39},
  number = {2},
  pages = {602--611},
  author = {Jan Martin Nordbotten and Michael A. Celia and Stefan Bachu and Helge K. Dahle},
  title = {{Semianalytical Solution for CO$_2$ Leakage through an Abandoned Well}},
  journal = {Environmental Science {\&} Technology}
}

@article{Nordbotten2004,
  doi = {10.1029/2003wr002997},
  year  = {2004},
  month = {apr},
  publisher = {Wiley-Blackwell},
  volume = {40},
  number = {4},
  pages = {n/a--n/a},
  author = {Jan Martin Nordbotten and Michael A. Celia and Stefan Bachu},
  title = {Analytical solutions for leakage rates through abandoned wells},
  journal = {Water Resour. Res.}
}

@TECHREPORT{Schlumberger2007,
  AUTHOR =        {Schlumberger},
  TITLE =         {{Eclipse Technical Description}},
  NUMBER =        {2007.1},
  INSTITUTION =   {Schlumberger},
  YEAR  =         {2007},

}
@TECHREPORT{White1997,
  AUTHOR =        {M. D. White and M. Oostrom},
  TITLE =         {{STOMP, Subsurface Transport Over Multiple Phases}},
  NUMBER =        {Report PNNL- 11218},
  INSTITUTION =   {Pacific Northwest National Laboratory},
  ADDRESS =       {Richland, WA, USA},

  YEAR  =         {1997},

}
@article{Pruess2004,
  doi = {10.1016/j.energy.2004.03.077},
  url = {http://dx.doi.org/10.1016/j.energy.2004.03.077},
  year  = {2004},
  month = {jul},
  publisher = {Elsevier {BV}},
  volume = {29},
  number = {9-10},
  pages = {1431--1444},
  author = {Karsten Pruess and Julio Garc{\'{\i}}a and Tony Kovscek and Curt Oldenburg and Jonny Rutqvist and Carl Steefel and Tianfu Xu},
  title = {{Code intercomparison builds confidence in numerical simulation models for geologic disposal of CO$_2$}},
  journal = {Energy}
}




@article{Wang2004,
  doi = {10.1109/tip.2003.819861},
  year  = {2004},
  month = {apr},
  publisher = {Institute of Electrical {\&} Electronics Engineers ({IEEE})},
  volume = {13},
  number = {4},
  pages = {600--612},
  author = {Z. Wang and A.C. Bovik and H.R. Sheikh and E.P. Simoncelli},
  title = {Image Quality Assessment: From Error Visibility to Structural Similarity},
  journal = {{IEEE} Trans. on Image Process.}
}
@article{Carman1938,
    author = {Carman, P.C.},
    journal= {Journal of the Society of Chemical Industries},
    pages  = {225--234},
    title  = {The determination of the specific surface of powders},
    volume = {57},
    year   = {1938}
}

@article{Kozeny1927,
    author  = {Kozeny, J.},
    journal = {Akad. Wiss. Wien},
    keywords= {file-import-09-03-09},
    pages   = {271--306},
    priority= {2},
    title   = {{\"{U}ber kapillare Leitung des Wassers im Boden}},
    volume  = {136},
    year    = {1927}
}

@article{Greenberg1992,
  doi = {10.1111/j.1365-2478.1992.tb00371.x},
  year  = {1992},
  month = {feb},
  publisher = {Wiley-Blackwell},
  volume = {40},
  number = {2},
  pages = {195--209},
  author = {M. L. Greenberg and J. P. Castagna},
  title = {Shear-wave velocity estimation in porous rocks: theoretical formulation, preliminary verification and applications},
  journal = {Geophys Prospect}
}

@article{Nilsen2014,
year   ={2014},
issn   ={0882-8121},
journal={{Submitted to Computational Geosciences}},
volume ={},
number ={},
doi    ={},
title  ={{Fully-implicit simulation of vertical-equilibrium models with hysteresis and capillary fringe}},
author ={Nilsen, H. M. and Lie, K.-A. and Andersen, O.},
pages  ={},
}

@book{Nordbotten2011,
  Author = {Jan Martin Nordbotten and Michael A. Celia},
  Title = {{Geological Storage of CO$_2$: Modeling Approaches for Large-Scale Simulation}},
  Publisher = {Wiley},
  Year = {2011},
  ISBN = {0470889462},
}

@article{Bohlen2002,
  doi = {10.1016/s0098-3004(02)00006-7},
  year  = {2002},
  month = {oct},
  publisher = {Elsevier {BV}},
  volume = {28},
  number = {8},
  pages = {887--899},
  author = {Thomas Bohlen},
  title = {Parallel 3-D viscoelastic finite difference seismic modelling},
  journal = {Computers {\&} Geosciences}
}

@article{Ying2000,
  title = {{An improved deformation algorithm for automatic history matching}},
  year = {2000},
  puohlisher = {},
  volume = {},
  number = {},
  pages = {},
  author = {Z. Ying and J.J. Gomez-Hernandez},
  journal = {{Report 13, Stanford Center for Reservoir Forecasting (SCRF) Annual Report, Stanford, CA, USA}},
}

@article{LeRavalec2012,
  doi = {10.1016/j.jhydrol.2012.08.053},
  year  = {2012},
  month = {nov},
  publisher = {Elsevier {BV}},
  volume = {472-473},
  pages = {1--13},
  author = {Mickaële {Le Ravalec} and Emmanuel Mouche},
  title = {{Calibrating transmissivities from piezometric heads with the gradual deformation method: An application to the Culebra Dolomite unit at the Waste Isolation Pilot Plant ({WIPP}),  New Mexico,  {USA}}},
  journal = {Journal of Hydrology}
}

@article{LeRavalec2000,
  doi = {10.1023/a:1007542406333},
  year  = {2000},
  publisher = {Springer Science $\mathplus$ Business Media},
  volume = {32},
  number = {6},
  pages = {701--723},
  title={{The FFT Moving Average (FFT-MA) Generator: An Efficient Numerical Method for Generating and Conditioning Gaussian Simulations}},
  author = {Mickaële {Le Ravalec} and Beno{\^{\i}}t Noetinger and Lin Y. Hu},
  journal = {Mathematical Geology}
}


@article{Hu2001,
  doi = {10.1023/a:1011088913233},
  year  = {2001},
  Title = {Gradual Deformation and Iterative Calibration of Sequential Stochastic Simulations},
  publisher = {Springer Science $\mathplus$ Business Media},
  volume = {33},
  number = {4},
  pages = {475--489},
  author = {Lin Y. Hu and Georges Blanc and Beno{\^{\i}}t Noetinger},
  journal = {Mathematical Geology}
}

@article{Hu2002,
  doi = {10.1023/a:1021316707087},
  year  = {2002},
  Title = {Combination of Dependent Realizations Within the Gradual Deformation Method},
  publisher = {Springer Science $\mathplus$ Business Media},
  volume = {34},
  number = {8},
  pages = {953--963},
  author = {Lin Y. Hu},
  journal = {Mathematical Geology}
}

@article{Hu2000,
  doi = {10.1023/a:1007506918588},
  year  = {2000},
  Title = {Gradual Deformation and Iterative Calibration of Gaussian-Related Stochastic Models},
  publisher = {Springer Science $\mathplus$ Business Media},
  volume = {32},
  number = {1},
  pages = {87--108},
  author = {Lin Y. Hu},
  journal = {Mathematical Geology}
}

@book{Deutsch1998,
  Author = {Clayton V. Deutsch and Andre G. Journel},
  Title = {GSLIB: Geostatistical Software Library and User's Guide (Applied Geostatistics)},
  Publisher = {Oxford University Press},
  Year = {1997},
  ISBN = {0195100158},
}

@inproceedings{Roggero1998,
  doi = {10.2118/49004-ms},
  year  = {1998},
  publisher = {Society of Petroleum Engineers},
  author = {F. Roggero and L.Y. Hu},
  title = {Gradual Deformation of Continuous Geostatistical Models for History Matching},
  booktitle = {{SPE} Annual Technical Conference and Exhibition}
}

@article{Azevedo2013,
  doi = {10.1190/geo2013-0037.1},
  year  = {2013},
  month = {nov},
  publisher = {Society of Exploration Geophysicists},
  volume = {79},
  number = {1},
  pages = {M1--M10},
  author = {Leonardo Azevedo and Ruben Nunes and Pedro Correia and Am{\'{\i}}lcar Soares and Luis Guerreiro and Guenther Schwedersky Neto},
  title = {Multidimensional scaling for the evaluation of a geostatistical seismic elastic inversion methodology},
  journal = {{Geophysics}}
}

@article{Caers2006,
  doi = {10.1007/s11004-005-9005-9},
  year  = {2006},
  month = {jan},
  publisher = {Springer Science $\mathplus$ Business Media},
  volume = {38},
  number = {1},
  pages = {81--100},
  author = {Jef Caers and Todd Hoffman},
  title = {The Probability Perturbation Method: A New Look at Bayesian Inverse Modeling},
  journal = {Mathematical Geology}
}

@article{Hansen2012,
  doi = {10.1007/s10596-011-9271-1},
  year  = {2012},
  month = {jan},
  publisher = {Springer Science $\mathplus$ Business Media},
  volume = {16},
  number = {3},
  pages = {593--611},
  author = {Thomas Mejer Hansen and Knud Skou Cordua and Klaus Mosegaard},
  title = {Inverse problems with non-trivial priors: efficient solution through sequential Gibbs sampling},
  journal = {Computational Geosciences}
}

@article{Ulvmoen2010,
  doi = {10.1190/1.3294570},
  year  = {2010},
  month = {mar},
  publisher = {Society of Exploration Geophysicists},
  volume = {75},
  number = {2},
  pages = {R21--R35},
  author = {Marit Ulvmoen and Henning Omre},
  title = {Improved resolution in Bayesian lithology/fluid inversion from prestack seismic data and well observations: Part 1 {\textemdash} Methodology},
  journal = {{Geophysics}}
}

@article{Rimstad2010,
  doi = {10.1190/1.3463475},
  year  = {2010},
  month = {jul},
  publisher = {Society of Exploration Geophysicists},
  volume = {75},
  number = {4},
  pages = {R93--R108},
  author = {Kjartan Rimstad and Henning Omre},
  title = {Impact of rock-physics depth trends and Markov random fields on hierarchical Bayesian lithology/fluid prediction},
  journal = {{Geophysics}}
}

@article{Gunning2007,
  doi = {10.1190/1.2713043},
  year  = {2007},
  month = {may},
  publisher = {Society of Exploration Geophysicists},
  volume = {72},
  number = {3},
  pages = {R37--R49},
  author = {James Gunning and Michael E. Glinsky},
  title = {Detection of reservoir quality using Bayesian seismic inversion},
  journal = {{Geophysics}}
}

@article{Larsen2006,
  doi = {10.1190/1.2245469},
  year  = {2006},
  month = {sep},
  publisher = {Society of Exploration Geophysicists},
  volume = {71},
  number = {5},
  pages = {R69--R78},
  author = {Anne Louise Larsen and Marit Ulvmoen and Henning Omre and Arild Buland},
  title = {Bayesian lithology/fluid prediction and simulation on the basis of a Markov-chain prior model},
  journal = {{Geophysics}}
}

@article{Eidsvik2004,
  doi = {10.1190/1.1778241},
  year  = {2004},
  month = {jul},
  publisher = {Society of Exploration Geophysicists},
  volume = {69},
  number = {4},
  pages = {978--993},
  author = {Jo Eidsvik and Per Avseth and Henning Omre and Tapan Mukerji and Gary Mavko},
  title = {Stochastic reservoir characterization using prestack seismic data},
  journal = {{Geophysics}}
}

@article{Gonzalez2008,
  doi = {10.1190/1.2803748},
  year  = {2008},
  month = {jan},
  publisher = {Society of Exploration Geophysicists},
  volume = {73},
  number = {1},
  pages = {R11--R21},
  author = {Ezequiel F. Gonz{\'{a}}lez and Tapan Mukerji and Gary Mavko},
  title = {Seismic inversion combining rock physics and multiple-point geostatistics},
  journal = {{Geophysics}}
}

@article{Bosch2009,
  doi = {10.1190/1.3043796},
  year  = {2009},
  month = {mar},
  publisher = {Society of Exploration Geophysicists},
  volume = {74},
  number = {2},
  pages = {O1--O15},
  author = {Miguel Bosch and Carla Carvajal and Juan Rodrigues and Astrid Torres and Milagrosa Aldana and Jes{\'{u}}s Sierra},
  title = {Petrophysical seismic inversion conditioned to well-log data: Methods and application to a gas reservoir},
  journal = {{Geophysics}}
}

@article{Buland2003,
  doi = {10.1190/1.1543206},
  year  = {2003},
  month = {jan},
  publisher = {Society of Exploration Geophysicists},
  volume = {68},
  number = {1},
  pages = {185--198},
  author = {Arild Buland and Henning Omre},
  title = {Bayesian linearized {AVO} inversion},
  journal = {{Geophysics}}
}

@article{Mukerji2001,
  doi = {10.1190/1.1487078},
  year  = {2001},
  month = {jul},
  publisher = {Society of Exploration Geophysicists},
  volume = {66},
  number = {4},
  pages = {988--1001},
  author = {T. Mukerji and A. J{\o}rstad and P. Avseth and G. Mavko and J. R. Granli},
  title = {Mapping lithofacies and pore-fluid probabilities in a North Sea reservoir: Seismic inversions and statistical rock physics},
  journal = {{Geophysics}}
}

@article{Avseth2001,
  doi = {10.1190/1.1487063},
  year  = {2001},
  month = {jul},
  publisher = {Society of Exploration Geophysicists},
  volume = {66},
  number = {4},
  pages = {1157--1176},
  author = {P. Avseth and T. Mukerji and A. J{\o}rstad and G. Mavko and T. Veggeland},
  title = {Seismic reservoir mapping from 3-D {AVO} in a North Sea turbidite system},
  journal = {{Geophysics}}
}

@article{Grana2012,
  doi = {10.1190/geo2011-0417.1},
  year  = {2012},
  month = {jul},
  publisher = {Society of Exploration Geophysicists},
  volume = {77},
  number = {4},
  pages = {M53--M72},
  author = {Dario Grana and Tapan Mukerji and Jack Dvorkin and Gary Mavko},
  title = {Stochastic inversion of facies from seismic data based on sequential simulations and probability perturbation method},
  journal = {{Geophysics}}
}

@book{Tarantola2004,
  Author = {Albert Tarantola},
  Title = {Inverse Problem Theory and Methods for Model Parameter Estimation},
  Publisher = {SIAM: Society for Industrial and Applied Mathematics},
  Year = {2004},
  ISBN = {0898715725},
}

@article{Ramirez2013,
  doi = {10.1016/j.ijggc.2012.11.031},
  year  = {2013},
  month = {jun},
  publisher = {Elsevier {BV}},
  volume = {16},
  pages = {S146--S159},
  author = {A. Ramirez and D. White and Y. Hao and K. Dyer and J. Johnson},
  title = {{Estimating reservoir permeabilities using the seismic response to $CO_2$ injection and stochastic inversion}},
  journal = {International Journal of Greenhouse Gas Control}
}

@article{Carcione1996,
  doi = {10.1121/1.414809},
  url = {http://dx.doi.org/10.1121/1.414809},
  year  = {1996},
  publisher = {Acoustical Society of America ({ASA})},
  volume = {99},
  number = {5},
  pages = {2655},
  author = {Jose{\'} M. Carcione},
  title = {Wave propagation in anisotropic,  saturated porous media: Plane-wave theory and numerical simulation},
  journal = {J. Acoust. Soc. Am.}
}

@article{Carcione1995,
  doi = {10.1142/s0218396x95000136},
  url = {http://dx.doi.org/10.1142/S0218396X95000136},
  year  = {1995},
  month = {dec},
  publisher = {World Scientific Pub Co Pte Lt},
  volume = {03},
  number = {04},
  pages = {261--280},
  author = {Jose{\'} M. Carcione and Gerardo Quiroga-Goode},
  title = {{Some aspects of the physics and numerical modeling of Biot compressional waves}},
  journal = {J. Comp. Acous.}
}

@book{Hardage1992,
  Author = {Bob Adrian Hardage},
  Title = {Vertical Seismic Profiling: Principles/Part A (Handbook of Geophysical Exploration. Seismic Exploration)},
  Publisher = {Pergamon Pr},
  Year = {1992},
  ISBN = {0080369502},
}

@book{Mari2003,
  Author = {Jean-Luc Mari},
  Title = {WELL SEISMIC SURVEYING (Institut Francais Du Petrole Publications)},
  Publisher = {Editions Technip},
  Year = {2003},
  ISBN = {2710807769},
}



@article{Verwer2008,
  doi = {10.1190/1.2831935},
  url = {http://dx.doi.org/10.1190/1.2831935},
  year  = {2008},
  month = {mar},
  publisher = {Society of Exploration Geophysicists},
  volume = {73},
  number = {2},
  pages = {B51--B65},
  author = {Klaas Verwer and Hendrik Braaksma and Jeroen A. Kenter},
  title = {Acoustic properties of carbonates: Effects of rock texture and implications for fluid substitution},
  journal = {{Geophysics}}
}

@article{Adam2006,
  doi = {10.1190/1.2358494},
  url = {http://dx.doi.org/10.1190/1.2358494},
  year  = {2006},
  month = {nov},
  publisher = {Society of Exploration Geophysicists},
  volume = {71},
  number = {6},
  pages = {F173--F183},
  author = {Ludmila Adam and Michael Batzle and Ivar Brevik},
  title = {Gassmann{\textquotesingle}s fluid substitution and shear modulus variability in carbonates at laboratory seismic and ultrasonic frequencies},
  journal = {{Geophysics}}
}

@article{Wang1991,
  doi = {10.1190/1.1442972},
  url = {http://dx.doi.org/10.1190/1.1442972},
  year  = {1991},
  month = {oct},
  publisher = {Society of Exploration Geophysicists},
  volume = {56},
  number = {10},
  pages = {1614--1623},
  author = {Zhijing Wang and W. Keith Hirsche and George Sedgwick},
  title = {Seismic monitoring of water floods?{\textemdash}A petrophysical study},
  journal = {{Geophysics}}
}

@article{Wang1998,
  doi = {10.1190/1.1444457},
  url = {http://dx.doi.org/10.1190/1.1444457},
  year  = {1998},
  month = {sep},
  publisher = {Society of Exploration Geophysicists},
  volume = {63},
  number = {5},
  pages = {1604--1617},
  author = {Zhijing Wang and Michael E. Cates and Robert T. Langan},
  title = {{ Seismic monitoring of a CO$_2$ flood in a carbonate reservoir: A rock physics study }},
  journal = {{Geophysics}}
}

@article{Cadoret1995,
  doi = {10.1029/95jb00757},
  url = {http://dx.doi.org/10.1029/95JB00757},
  year  = {1995},
  publisher = {Wiley-Blackwell},
  volume = {100},
  number = {B6},
  pages = {9789},
  author = {T. Cadoret and D. Marion and B. Zinszner},
  title = {Influence of frequency and fluid distribution on elastic wave velocities in partially saturated limestones},
  journal = {J. Geophys. Res.}
}

@article{Blair1990,
  doi = {10.1016/0013-7944(90)90222-3},
  url = {http://dx.doi.org/10.1016/0013-7944(90)90222-3},
  year  = {1990},
  month = {jan},
  publisher = {Elsevier {BV}},
  volume = {35},
  number = {1-3},
  pages = {447--455},
  author = {D.P. Blair},
  title = {Seismic pulse assessment of cracked and jointed rock},
  journal = {Engineering Fracture Mechanics}
}

@article{Tosaya1982,
  doi = {10.1029/gl009i001p00005},
  url = {http://dx.doi.org/10.1029/GL009i001p00005},
  year  = {1982},
  month = {jan},
  publisher = {Wiley-Blackwell},
  volume = {9},
  number = {1},
  pages = {5--8},
  author = {Carol Tosaya and Amos Nur},
  title = {Effects of diagenesis and clays on compressional velocities in rocks},
  journal = {Geophysical Research Letters}
}

@article{Toksz1979,
  doi = {10.1190/1.1440969},
  url = {http://dx.doi.org/10.1190/1.1440969},
  year  = {1979},
  month = {apr},
  publisher = {Society of Exploration Geophysicists},
  volume = {44},
  number = {4},
  pages = {681--690},
  author = {M. N. Toks\"{o}z and D. H. Johnston and A. Timur},
  title = {Attenuation of seismic waves in dry and saturated rocks: I. Laboratory measurements},
  journal = {{Geophysics}}
}

@article{Timur1977,
  doi = {10.1190/1.1440774},
  url = {http://dx.doi.org/10.1190/1.1440774},
  year  = {1977},
  month = {aug},
  publisher = {Society of Exploration Geophysicists},
  volume = {42},
  number = {5},
  pages = {950--956},
  author = {Aytekin Timur},
  title = {{Temperature dependence of compressional and shear wave velocities in rocks}},
  journal = {{Geophysics}}
}

@article{Nur1971,
  doi = {10.1029/jb076i005p01270},
  url = {http://dx.doi.org/10.1029/JB076i005p01270},
  year  = {1971},
  month = {feb},
  publisher = {Wiley-Blackwell},
  volume = {76},
  number = {5},
  pages = {1270--1277},
  author = {Amos Nur},
  title = {Viscous phase in rocks and the low-velocity zone},
  journal = {J. Geophys. Res.}
}

@article{Wyllie1958,
  doi = {10.1190/1.1438493},
  url = {http://dx.doi.org/10.1190/1.1438493},
  year  = {1958},
  month = {jul},
  publisher = {Society of Exploration Geophysicists},
  volume = {23},
  number = {3},
  pages = {459--493},
  author = {M. R. J. Wyllie and A. R. Gregory and G. H. F. Gardner},
  title = {{An experimental investigation of factors affecting elastic wave velocities in porous media}},
  journal = {{Geophysics}}
}

@book{Allard2009,
  doi = {10.1002/9780470747339},
  url = {http://dx.doi.org/10.1002/9780470747339},
  year  = {2009},
  month = {oct},
  publisher = {John Wiley {\&} Sons,  Ltd},
  author = {Jean F. Allard and Noureddine Atalla},
  title = {Propagation of Sound in Porous Media}
}

@article{Muller2010,
  doi = {10.1190/1.3463417},
  url = {http://dx.doi.org/10.1190/1.3463417},
  year  = {2010},
  month = {sep},
  publisher = {Society of Exploration Geophysicists},
  volume = {75},
  number = {5},
  pages = {75A147--75A164},
  author = {Tobias M. M\"{u}ller and Boris Gurevich and Maxim Lebedev},
  title = {Seismic wave attenuation and dispersion resulting from wave-induced flow in porous rocks {\textemdash} A review},
  journal = {{Geophysics}}
}

@article{Smith2003,
  doi = {10.1190/1.1567211},
  url = {http://dx.doi.org/10.1190/1.1567211},
  year  = {2003},
  month = {mar},
  publisher = {Society of Exploration Geophysicists},
  volume = {68},
  number = {2},
  pages = {430--440},
  author = {Tad M. Smith and Carl H. Sondergeld and Chandra S. Rai},
  title = {Gassmann fluid substitutions: A tutorial},
  journal = {{Geophysics}}
}

@article{Carcione1998,
  doi = {10.1046/j.1365-2478.1998.00087.x},
  url = {http://dx.doi.org/10.1046/j.1365-2478.1998.00087.x},
  year  = {1998},
  month = {may},
  publisher = {Wiley-Blackwell},
  volume = {46},
  number = {3},
  pages = {249--270},
  author = {Jos{\'{e}} M. Carcione},
  title = {Viscoelastic effective rheologies for modelling wave propagation in porous media},
  journal = {Geophysical Prospecting}
}

@article{Biot1956a,
  doi = {10.1121/1.1908239},
  url = {http://dx.doi.org/10.1121/1.1908239},
  year  = {1956},
  publisher = {Acoustical Society of America ({ASA})},
  volume = {28},
  number = {2},
  pages = {168},
  author = {M. A. Biot},
  title = {Theory of Propagation of Elastic Waves in a Fluid-Saturated Porous Solid. I. Low-Frequency Range},
  journal = {J. Acoust. Soc. Am.}
}
@article{Biot1956b,
  doi = {10.1121/1.1908239},
  url = {http://dx.doi.org/10.1121/1.1908239},
  year  = {1956},
  publisher = {Acoustical Society of America ({ASA})},
  volume = {28},
  number = {2},
  pages = {179},
  author = {M. A. Biot},
  title = {Theory of Propagation of Elastic Waves in a Fluid-Saturated Porous Solid. II. Higher frequency range},
  journal = {J. Acoust. Soc. Am.}
}
@article{Boltzmann1874,
  author = {Boltzmann, L.},
  journal = {{Kaiserlich. Akad. Wiss. Wien, Math.-Naturwiss., Kl.}},
  title = {{Zur theorie der elastischen nachwirkung, Sitzungsber.}},
  year = {1874},
  volume = {70},
  pages = {275-306},
}

@book{Bourbie1986,
    author = {Bourbié, T. and Coussy, O. and Zinszner, B.},
    pages = {360},
    publisher = {Editions Technip},
    title = {{Acoustique des milieux poreux}},
    year = {1986},
}

@book{Sheriff1995,
    author = {Sheriff, R.E. and Geldart, L.P.},
    pages = {592},
    publisher = {Cambridge University Press, New York},
    title = {{Exploration Seismology}},
    year = {1995},
}


@techreport{INRS1,
    author    = {Konstantinovskaya, E. and Claprood, M. and Duchesne, M. and Giroux, M. and Malo, M. and Lefebvre, R.},
    title     = "Le potentiel de stockage du {CO$_2$} expérimental dans les aquifères salins profonds de Bécancour",
    institution = "Institut national de la recherche scientifique - Centre Eau Terre Environnement",
    type     = "{RAPPORT INRSCO2-2010-V2.1}",
    year      = {2010},
}

@article{Perozzi2,
  author = {Perozzi, L. and Gloaguen, E. and Giroux, B.},
  journal = {Computational Geosciences},
  title = {{Stochastic inversion workflow using the gradual deformation in order to predict and monitor the CO$_2$ flow within a saline aquifer}},
  year = {à soumettre},
}

@article{Perozzi1,
  author = {Perozzi, L. and Giroux, B. and Schmitt, D.R. and Kofman, R.S.},
  journal = {International Journal of Greenhouse Gas Control},
  title = {{Sensitivity of vertical seismic profiling for monitoring \ce{CO2} storage in a low porosity reservoir - An example from the St-Lawrence Lowlands, Canada}},
  year = {2015},
}

@book{Doyen2007,
  author = {Doyen, Philippe},
  publisher = {EAGE},
  title = {{Seismic Reservoir Characterization: An Earth Modelling Perspective}},
  year = {2007},
}



@article{Nordbotten2005a,
  author = {Nordbotten, Jan Martin and Celia, Michael A. and Bachu, Stefan},
  doi = {10.1007/s11242-004-0670-9},
  issn = {0169-3913},
  journal = {Transport in Porous Media},
  keywords = {analytical solutions,carbon dioxide injection,carbon sequestra-,two-phase flow},
  mendeley-groups = {REVIEW FOR ARTICLE 3},
  month = {mar},
  number = {3},
  pages = {339--360},
  title = {{Injection and storage of CO$_2$ in deep saline aquifers: analytical solution for CO$_2$ plume evolution during injection}},
  volume = {58},
  year = {2005},
}


@article{Nordbotten2009,
  doi = {10.1021/es801135v},
  year  = {2009},
  month = {feb},
  publisher = {American Chemical Society ({ACS})},
  volume = {43},
  number = {3},
  pages = {743--749},
  author = {Jan M. Nordbotten and Dmitri Kavetski and Michael A. Celia and Stefan Bachu},
  title = { Model for {CO} 2 Leakage Including Multiple Geological Layers and Multiple Leaky Wells },
  journal = {Environmental Science {\&} Technology}
}

@article{Giroux2012,
  author = {Bernard Giroux},
  journal = {{Computers $\&$ Geosciences}},
  pages = {149 - 160},
  title = {{Performance of convolutional perfectly matched layers for pseudospectral time domain poroviscoelastic schemes}},
  volume = {45},
  year = {2012},
}





@ARTICLE{Bickle2007,
author={Bickle, M. and Chadwick, A. and Huppert, H.E. and Hallworth, M. and Lyle, S.},
title={{Modelling carbon dioxide accumulation at Sleipner: Implications for underground carbon storage}},
journal={Earth and Planetary Science Letters},
year={2007},
volume={255},
number={1-2},
pages={164-176},
doi={10.1016/j.epsl.2006.12.013},
}

@ARTICLE{Chadwick2004,
author={Chadwick, R.A. and Zweigel, P. and Gregersen, U. and Kirby, G.A. and Holloway, S. and Johannessen, P.N.},
title={{Geological reservoir characterization of a CO$_2$ storage site: The Utsira Sand, Sleipner, northern North Sea}},
journal={Energy},
year={2004},
volume={29},
number={9-10},
pages={1371-1381},
doi={10.1016/j.energy.2004.03.071},
}



@CONFERENCE{Chadwick2009,
author={Chadwick, R.A. and Noy, D. and Arts, R. and Eiken, O.},
booktitle={{Latest time-lapse seismic data from Sleipner yield new insights into CO$_2$ plume development}},
journal={Energy Procedia},
year={2009},
volume={1},
pages={2103-2110},
doi={10.1016/j.egypro.2009.01.274},

}

@ARTICLE{Lippard2008,
author={Lippard, J. and Cavanagh, A.J. and Kennedy, D. and Hermanrud, C.},
title={{Modelling of CO$_2$ injection and seismic data analysis in the Utsira formation}},
journal={33rd International Geological Congress},
year={2008},
}

@ARTICLE{Roach2015,
author={Roach, L.A.N. and White, D.J. and Roberts, B.},
title={{Assessment of 4D seismic repeatability and CO2 detection limits using a sparse permanent land array at the Aquistore CO$_2$ storage site}},
journal={Geophysics},
year={2015},
volume={80},
number={2},
pages={WA1-WA13},
doi={10.1190/GEO2014-0201.1},
}

@ARTICLE{White2013,
author={White, D.},
title={{Seismic characterization and time-lapse imaging during seven years of CO$_2$ flood in the Weyburn field, Saskatchewan, Canada}},
journal={International Journal of Greenhouse Gas Control},
year={2013},
volume={16},
pages={S78-S94},
doi={10.1016/j.ijggc.2013.02.006},
}

@ARTICLE{Arts2004,
author={Arts, R. and Eiken, O. and Chadwick, A. and Zweigel, P. and van der Meer, L. and Zinszner, B.},
title={{Monitoring of CO$_2$ injected at Sleipner using time-lapse seismic data}},
journal={Energy},
year={2004},
volume={29},
number={9-10},
pages={1383-1392},
doi={10.1016/j.energy.2004.03.072},
}

@ARTICLE{Davis2003,
author={Davis, T.L. and Terrell, M.J. and Benson, R.D. and Cardona, R. and Kendall, R.R. and Winarsky, R.},
title={{Multicomponent seismic characterization and monitoring of the CO$_2$ flood at Weyburn Field, Saskatchewan}},
journal={Leading Edge (Tulsa, OK)},
year={2003},
volume={22},
number={7},
pages={696-697},

}

@CONFERENCE{Eiken2011,
author={Eiken, O. and Ringrose, P. and Hermanrud, C. and Nazarian, B. and Torp, T.A. and Høier, L.},
booktitle={{Lessons Learned from 14 years of CCS Operations: Sleipner, In Salah and Sn{\o}hvit}},
journal={Energy Procedia},
year={2011},
volume={4},
pages={5541-5548},
doi={10.1016/j.egypro.2011.02.541},
}

@ARTICLE{Ivanova2012,
author={Ivanova, A. and Kashubin, A. and Juhojuntti, N. and Kummerow, J. and Henninges, J. and Juhlin, C. and Lüth, S. and Ivandic, M.},
title={{Monitoring and volumetric estimation of injected CO$_2$ using 4D seismic, petrophysical data, core measurements and well logging: A case study at Ketzin, Germany}},
journal={Geophysical Prospecting},
year={2012},
volume={60},
number={5},
pages={957-973},
doi={10.1111/j.1365-2478.2012.01045.x},

}

@ARTICLE{Li2001,
author={Li, G. and Burrowes, G. and Majer, E. and Davis, T.},
title={{Weyburn field horizontal-to-horizontal crosswell seismic profiling: Part 3 - Interpretation}},
journal={Society of Exploration Geophysicists 2001 Annual Meeting},
year={2001},

}

@CONFERENCE{Luth2011,
author={L{\"u}th, S. and Bergmann, P. and Cosma, C. and Enescu, N. and Giese, R. and Götz, J. and Ivanova, A. and Juhlin, C. and Kashubin, A. and Yang, C. and Zhang, F.},
title={{Time-lapse seismic surface and down-hole measurements for monitoring CO2 storage in the CO2SINK project (Ketzin, Germany)}},
journal={Energy Procedia},
year={2011},
volume={4},
pages={3435-3442},
doi={10.1016/j.egypro.2011.02.268},

}

@ARTICLE{Sato2011,
author={Sato, K. and Mito, S. and Horie, T. and Ohkuma, H. and Saito, H. and Watanabe, J. and Yoshimura, T.},
title={{Monitoring and simulation studies for assessing macro- and meso-scale migration of CO$_2$ sequestered in an onshore aquifer: experiences from the Nagaoka pilot site, Japan}},
journal={International Journal of Greenhouse Gas Control},
year={2011},
volume={5},
pages={215-237},
}

@ARTICLE{Urosevic2010,
author={Urosevic, M. and Pevzner, R. and Kepic, A. and Wisman, P. and Shulakova, V. and Sharma, S.},
title={{Time-lapse seismic monitoring of CO$_2$ injection into a depleted gas reservoir - Naylor Field, Australia}},
journal={Leading Edge (Tulsa, OK)},
year={2010},
volume={29},
number={2},
pages={164-169},
doi={10.1190/1.3304819},
}


@ARTICLE{Zhang2012,
author={Zhang, R. and Ghosh, R. and Sen, M.K. and Srinivasan, S.},
title={{Time-lapse surface seismic inversion with thin bed resolution for monitoring CO$_2$ sequestration: a case study from Cranfield, Mississippi},
journal={International Journal of Greenhouse Gas Control}},
year={2012},
}


@book{Johnston2010,
author = {Johnston, D.},
editor = {David H. Johnston},
title = {Methods and Applications in Reservoir Geophysics},
publisher = {Society of Exploration Geophysicists},
year = {2010},
doi = {10.1190/1.9781560802174},
address = {},
edition   = {},
}

@article{Bedard2013,
title = {{CO$_2$ Geological Storage in the Province of Québec, Canada Capacity Evaluation of the St. Lawrence Lowlands basin }},
journal = "Energy Procedia ",
volume = "37",
number = "0",
pages = "5093 - 5100",
year = "2013",
note = "GHGT-11 ",
issn = "1876-6102",
doi = "http://dx.doi.org/10.1016/j.egypro.2013.06.422",
author = "Karine Bédard and Michel Malo and Félix-Antoine Comeau",
}

@article{Johnson2001,
  author  = {Johnson, J.W. and Niitao, J.J. and Steefel, C.I. and Knauss, K.G.},
  title   = {{Reactive transportmodelling of geologic CO$_2$ sequestration in saline aquifers: The influence of intraaquifer shales and the relative effectiveness of structural, solubility, and mineral trapping during prograde and retrograde sequestration}},
  journal = {NETL Proceedings, First National Conference on Carbon Sequestration},
  year    = 2001,
}

@book{IEACCS2013,
    author    = {IEA},
    title     = {{Technolgy Roadmap: Carbon Capture and Storage}},
    publisher = {IEA},
    year      = {2013},
}




@book{IPCC2005,
  Title     = {{IPCC Special Report on Carbon dioxide Capture and Storage}},
  Author    = {IPCC},
  Edition    = {Bert Metz and Ogunlade Davidson and Heleen de Coninck and Manuela Loos and Leo Meyer},
  Publisher = {Cambridge University Press, UK},
  Year      = {2005},
  address   = {The Edinburgh Building Shaftesbury Road, Cambridge CB2 2RU ENGLAND},
}

@inbook{IPCC2014,
   author = {IPCC},
   title = {{Climate Change 2014: Synthesis Report. Contribution of Working Group III to the Fifth Assessment Report of the Intergovernmental Panel on Climate Change}},
   publisher = {{Cambridge University Press}},
   address = {{Cambridge, United Kingdom and New York, NY, USA}},
   year = {2014},
}

@ARTICLE{Vostok,
author={Petit, J.R. and Jouzel, J. and Raynaud, D. and Barkov, N.I. and Barnola, J.-M. and Basile, I. and Bender, M. and Chappellaz, J. and Davis, M. and Delaygue, G. and Delmotte, M. and Kotiyakov, V.M. and Legrand, M. and Lipenkov, V.Y. and Lorius, C. and Pépin, L. and Ritz, C. and Saltzman, E. and Stievenard, M.},
title={{Climate and atmospheric history of the past 420,000 years from the Vostok ice core, Antarctica}},
journal={Nature},
year={1999},
volume={399},
number={6735},
pages={429-436},
doi={10.1038/20859},
}

@inbook{Siple,
author={Neftel, A. and Friedli, H. and Moor, E. and Loetscher, H. and Oeschger, H. and Siegenthaler, U. and Stauffer, B.},
title={{Trends: A Compendium of Data on Global Change}},
publisher={{Carbon Dioxide Information Analysis Center, Oak Ridge National Laboratory, U.S. Department of Energy}},
address={{Oak Ridge, Tenn, USA}},
year={1994},
}

@ARTICLE{Epica,
author={Siegenthaler, U. and Stocker, T.F. and Monnin, E. and Lüthi, D. and Schwander, J. and Stauffer, B. and Raynaud, D. and Barnola, J.-M. and Fischer, H. and Masson-Delmotte, V. and Jouzel, J.},
title={{Atmospheric science: Stable carbon cycle-climate relationship during the late pleistocene}},
journal={Science},
year={2005},
volume={310},
number={5752},
pages={1313-1317},
doi={10.1126/science.1120130},
source={Scopus},
}

@article {GRL:GRL21511,
author = {MacFarling Meure, C. and Etheridge, D. and Trudinger, C. and Steele, P. and Langenfelds, R. and van Ommen, T. and Smith, A. and Elkins, J.},
title = {{Law Dome CO2, CH4 and N2O ice core records extended to 2000 years BP}},
journal = {Geophysical Research Letters},
volume = {33},
number = {14},
issn = {1944-8007},
doi = {10.1029/2006GL026152},
pages = {n/a--n/a},
year = {2006},
}

@book{IEA_fossil,
author = {IEA},
title = {{CO$_2$ Emissions from Fuel Combustion 2014}},
publisher = {{IEA}},
address = {{Paris}},
year = {2014}
}

@book{WEO2014,
author = {IEA},
title = {{World Energy Outlook 2014}},
publisher = {{IEA}},
address = {{Paris}},
year = {2014}
}

@book{ETP2014,
author = {IEA},
title = {{Energy Technology Perspectives 2014}},
publisher = {{IEA}},
address = {{Paris}},
year = {2014}
}


@book{WMO14,
author = {WMO},
title = {{WMO Greenhouse Gas Bulletin, No. 10}},
publisher = {{WMO}},
address = {{Geneva}},
year = {2014}
}





%%%%%%%%%%%      biblio article 1



@article{cite:8,
  author = {R. Liouville and G. Bernoulli},
  title = {{On the Positivity of Conditionally Closed, Right-Simply Contravariant Scalars}},
  journal = {{J}ournal of Numerical Geometry},
  month = {aug},
  year = {1993},
  volume = {6},
  pages = {152--191},
}


@article{cite:2,
  author = {Q. Smith},
  title = {{${\ell}$-Multiply Contra-One-to-One Paths over Semi-Almost Everywhere Negative Isomorphisms}},
  journal = {{J}ournal of Homological Model Theory},
  month = {sep},
  year = {2003},
  volume = {7},
  pages = {1408--1423},
}


@article{cite:0,
  author = {Q. Tate and L. Garcia and G. Banach},
  title = {{Regularity Methods in Fuzzy Number Theory}},
  journal = {{A}rchives of the {M}oldovan {M}athematical {S}ociety},
  month = {aug},
  year = {1995},
  volume = {0},
  pages = {78--93},
}


@book{Hilterman2001,
  author = {Fred J. Hilterman},
  date-added = {2014-03-21 15:16:24 +0000},
  date-modified = {2014-03-21 15:16:42 +0000},
  publisher = {Society of Exploration Geophysicists and European Association of Geoscientists and Engineers},
  title = {{Seismic Amplitude Interpretation}},
  year = {2001},
}


@article{Batzle1992,
  author = {Batzle, M. and Zhijing Wang},
  date-added = {2014-03-20 15:01:26 +0000},
  date-modified = {2014-03-20 15:01:36 +0000},
  journal = {Geophysics},
  number = {11},
  pages = {1396-1408},
  title = {{Seismic properties of pore fluids}},
  volume = {57},
  year = {1992},
}


@article{Glover2009,
  author = {Glover, P.},
  date-added = {2014-03-18 19:59:53 +0000},
  date-modified = {2014-03-18 20:00:19 +0000},
  document_type = {Article},
  journal = {The Leading Edge},
  number = {1},
  pages = {82-85},
  title = {{What is the cementation exponent? A new interpretation}},
  volume = {28},
  year = {2009},
}


@article{Hashin1963,
  author = {Hashin, Z. and Shtrikman, S.},
  journal = {Journal of the Mechanics and Physics of Solids},
  number = {2},
  pages = {127-140},
  title = {{A variational approach to the theory of the elastic behaviour of multiphase materials}},
  volume = {11},
  year = {1963},
}





@Book{Carcione2007,
  Title                    = {{Wave fields in real media: Wave Propagation in Anisotropic, Anelastic, Porous and Electromagnetic Media}},
  Author                   = {Carcione, J M},
  Publisher                = {Elsevier},
  Year                     = {2007},
  Edition                  = {2$^{nd}$},
  Series                   = {Handbook of Geophysical Exploration - Seismic Exploration},
  Volume                   = {38}
}


@book{Mavko2009,
  Author = {Gary Mavko and Tapan Mukerji and Jack Dvorkin},
  Title = {The Rock Physics Handbook: Tools for Seismic Analysis of Porous Media},
  Publisher = {Cambridge University Press},
  Year = {2009},
  ISBN = {0521861365},
}


@article{Duchesne2014,
author = {Duchesne, M. and Giroux, B. and Hu, K.},
title = {Hydrocarbon indicators on seismic data: Insights from poroviscoelastic modeling, amplitude, and frequency variation with offsets from the Drake Point gas field, Western Arctic Islands, Canada},
journal = {Interpretation},
volume = {2},
number = {4},
pages = {SP45-SP59},
year = {2014},
doi = {10.1190/INT-2014-0018.1},
}



@article{Biot1962,
  author = {Biot, M.A.},
  date-added = {2014-03-13 15:45:25 +0000},
  date-modified = {2014-03-13 15:45:33 +0000},
  document_type = {Article},
  journal = {Journal of Applied Physics},
  number = {4},
  pages = {1482-1498},
  title = {{Mechanics of deformation and acoustic propagation in porous media}},
  volume = {33},
  year = {1962},
}

@article{Biot1957,
    author = {Biot, M. A. and Willis, D. G.},
    citeulike-article-id = {9228504},
    journal = {Journal of Applied Mechanics},
    keywords = {poroelasticity},
    month = dec,
    pages = {594--601},
    posted-at = {2011-04-29 11:52:40},
    priority = {2},
    title = {{The Elastic Coefficients of the Theory of Consolidation}},
    volume = {24},
    year = {1957}
}


@article{Carcione1999,
  author = {Carcione, J.M. and Helle, H.B.},
  document_type = {Article},
  journal = {Journal of Computational Physics},
  number = {2},
  pages = {520-527},
  title = {{Numerical Solution of the Poroviscoelastic Wave Equation on a Staggered Mesh}},
  volume = {154},
  year = {1999},
}





@article{Carcione2010,
  author = {Carcione, J.M. and Morency, C. and Santos, J.E.},
  date-added = {2014-03-13 14:53:03 +0000},
  date-modified = {2014-03-13 14:53:26 +0000},
  document_type = {Review},
  journal = {Geophysics},
  number = {5},
  pages = {X75A229-75A243},
  title = {{Computational poroelasticity - A review}},
  volume = {75},
  year = {2010},
}


@article{Carcione2002,
  author = {Carcione, J.M. and Herman, G.C. and ten Kroode, A.P.E.},
  date-added = {2014-03-13 14:53:03 +0000},
  date-modified = {2014-03-13 14:53:35 +0000},
  document_type = {Article},
  journal = {Geophysics},
  number = {4},
  pages = {1304-1325},
  title = {{Seismic modeling}},
  volume = {67},
  year = {2002},
}


@conference{Urosevic2008,
  author = {Urosevic, M. and Sherlock, D. and Kepic, A. and Nakanishi, S.},
  date-added = {2014-03-12 15:18:12 +0000},
  date-modified = {2014-03-12 15:18:26 +0000},
  document_type = {Conference Paper},
  journal = {Society of Petroleum Engineers - 70th European Association of Geoscientists and Engineers Conference and Exhibition - Incorporating SPE EUROPEC 2008},
  pages = {2453-2457},
  booktitle = {{Time lapse VSP program for otway basin CO$_2$ sequestration pilot project}},
  volume = {4},
  year = {2008},
}


@article{Daley2008,
  author = {Daley, T.M. and Myer, L.R. and Peterson, J.E. and Majer, E.L. and Hoversten, G.M.},
  date-added = {2014-03-12 15:02:10 +0000},
  date-modified = {2014-03-12 15:02:36 +0000},
  document_type = {Article},
  journal = {Environmental Geology},
  number = {8},
  pages = {1657-1665},
  title = {{Time-lapse crosswell seismic and VSP monitoring of injected CO$_2$ in a brine aquifer}},
  volume = {54},
  year = {2008},
}


@article{Cheng2010,
  author = {Cheng, A. and Huang, L. and Rutledge, J.},
  date-added = {2014-03-12 14:55:34 +0000},
  date-modified = {2014-03-12 14:55:47 +0000},
  document_type = {Article},
  journal = {The Leading Edge},
  number = {2},
  pages = {196-199},
  title = {{Time-lapse VSP data processing for monitoring CO$_2$ injection}},
  volume = {29},
  year = {2010},
}


@article{Yang2010,
  author = {Yang, C. and Juhlin, C. and Enescu, N. and Cosma, C. and L{\"u}th, S.},
  journal = {Near Surface Geophysics},
  number = {6},
  pages = {601-610},
  source = {Scopus},
  title = {{Moving source profile data processing, modelling and comparison with 3D surface seismic data at the CO2SINK project site, Ketzin, Germany}},
  volume = {8},
  year = {2010},
}


@article{Rubino2011,
  author = {Rubino, J.G. and Velis, D.R.},
  date-added = {2014-03-12 14:30:26 +0000},
  date-modified = {2014-03-12 14:33:00 +0000},
  journal = {Geophysics},
  number = {3},
  pages = {R57-R67},
  title = {{Seismic characterization of thin beds containing patchy carbon dioxide-brine distributions: A study based on numerical simulations}},
  volume = {76},
  year = {2011},
}


@article{Santos2013,
  art_number = {012085},
  author = {Santos, J.E. and Savioli, G.B. and Carcione, J.M. and Gei, D.},
  date-added = {2014-03-12 14:28:10 +0000},
  date-modified = {2014-03-12 14:28:10 +0000},
  document_type = {Conference Paper},
  journal = {Journal of Physics: Conference Series},
  note = {cited By (since 1996)0},
  number = {1},
  source = {Scopus},
  title = {{A numerical procedure to model and monitor CO2 sequestration in aquifers}},
  url = {http://www.scopus.com/inward/record.url?eid=2-s2.0-84875693163&partnerID=40&md5=6f1db43038af50cf500542a8297d360a},
  volume = {410},
  year = {2013},
}


@article{Carcione2012,
  author = {Carcione, J.M. and Gei, D. and Picotti, S. and Michelini, A.},
  date-added = {2014-03-12 14:28:10 +0000},
  date-modified = {2014-03-12 14:28:43 +0000},
  document_type = {Article},
  journal = {Journal of Petroleum Science and Engineering},
  pages = {162-172},
  title = {{Cross-hole electromagnetic and seismic modeling for CO2 detection and monitoring in a saline aquifer}},
  volume = {100},
  year = {2012},
}


@article{Picotti2012,
  art_number = {B06103},
  author = {Picotti, S. and Carcione, J.M. and Gei, D. and Rossi, G. and Santos, J.E.},
  date-added = {2014-03-12 14:28:10 +0000},
  date-modified = {2014-03-12 14:28:10 +0000},
  document_type = {Article},
  journal = {Journal of Geophysical Research B: Solid Earth},
  note = {cited By (since 1996)5},
  number = {6},
  source = {Scopus},
  title = {{Seismic modeling to monitor CO$_2$ geological storage: The Atzbach-Schwanenstadt gas field}},
  url = {http://www.scopus.com/inward/record.url?eid=2-s2.0-84862279166&partnerID=40&md5=608a59aa5ab4394d63672bbdabda6236},
  volume = {117},
  year = {2012},
}


@article{Savioli2011,
  art_number = {012021},
  author = {Savioli, G.B. and Santos, J.E.},
  date-added = {2014-03-12 14:28:10 +0000},
  date-modified = {2014-03-12 14:28:10 +0000},
  document_type = {Conference Paper},
  journal = {Journal of Physics: Conference Series},
  note = {cited By (since 1996)0},
  number = {1},
  source = {Scopus},
  title = {{Modeling of CO$_2$ storage in aquifers}},
  url = {http://www.scopus.com/inward/record.url?eid=2-s2.0-79959284797&partnerID=40&md5=05af36299b8544735d9f7bcf0bc096c5},
  volume = {296},
  year = {2011},
}





@article{Zhang2013_2,
  author = {Zhang, R. and Ghosh, R. and Sen, M.K. and Srinivasan, S.},
  date-added = {2014-03-12 13:58:34 +0000},
  date-modified = {2014-03-12 13:59:17 +0000},
  document_type = {Article},
  journal = {International Journal of Greenhouse Gas Control},
  pages = {430-438},
  title = {{Time-lapse surface seismic inversion with thin bed resolution for monitoring CO2 sequestration: A case study from Cranfield, Mississippi}},
  volume = {18},
  year = {2013},
}


@article{Yang2014,
  author = {Yang, D. and Malcolm, A. and Fehler, M. and Huang, L.},
  date-added = {2014-03-12 13:32:09 +0000},
  date-modified = {2014-03-12 13:32:51 +0000},
  journal = {Geophysics},
  number = {2},
  pages = {B51-B61},
  title = {{Time-lapse walkaway vertical seismic profile monitoring for CO$_2$ injection at the SACROC enhanced oil recovery field: A case study}},
  volume = {79},
  year = {2014},
}


@article{Lumley2010a,
  author = {Lumley, D.},
  date-added = {2014-03-11 20:13:16 +0000},
  date-modified = {2014-03-11 20:14:28 +0000},
  journal = {The Leading Edge},
  number = {2},
  pages = {150-155},
  title = {{4D seismic monitoring of CO$_2$ sequestration}},
  volume = {29},
  year = {2010},
}


@article{Zhang2013,
  author = {Zhang, F. and Juhlin, C. and Ivandic, M. and L{\"u}th, S.},
  date-added = {2014-03-11 20:06:10 +0000},
  date-modified = {2014-03-11 20:06:27 +0000},
  document_type = {Article},
  journal = {Geophysical Prospecting},
  number = {SUPPL.1},
  pages = {284-299},
  title = {{Application of seismic full waveform inversion to monitor CO$_2$ injection: Modelling and a real data example from the ketzin site, germany}},
  volume = {61},
  year = {2013},
}


@article{Lebedev2013,
  author = {Lebedev, M. and Pervukhina, M. and Mikhaltsevitch, V. and Dance, T. and Bilenko, O. and Gurevich, B.},
  date-added = {2014-03-11 19:59:44 +0000},
  date-modified = {2014-03-11 20:00:01 +0000},
  document_type = {Article},
  journal = {Geophysics},
  number = {4},
  pages = {D293-D306},
  title = {{An experimental study of acoustic responses on the injection of supercritical CO$_2$ into sandstones from the Otway Basin}},
  volume = {78},
  year = {2013},
}


@conference{Cui2013,
  author = {Cui, Q. and Todd Hoffman, B. and Davis, T.L.},
  date-added = {2014-03-11 19:50:12 +0000},
  date-modified = {2014-03-11 19:50:50 +0000},
  document_type = {Conference Paper},
  journal = {Society of Petroleum Engineers - SPE Western Regional / Pacific Section AAPG Joint Technical Conference 2013: Energy and the Environment Working Together for the Future},
  pages = {617-630},
  title = {{Quantitative time-lapse seismic integrated history match in Delhi Field}},
  year = {2013},
}


@article{Williams2012,
  author = {Williams, G. and Chadwick, A.},
  date-added = {2014-03-11 19:50:12 +0000},
  date-modified = {2014-03-11 19:50:28 +0000},
  journal = {Geophysics},
  number = {6},
  pages = {R245-R256},
  title = {{Quantitative seismic analysis of a thin layer of CO2 in the Sleipner injection plume}},
  volume = {77},
  year = {2012},
}


@conference{Azuma2011,
  author = {Azuma, H. and Konishi, C. and Nobuoka, D. and Xue, Z. and Watanabe, J.},
  date-added = {2014-03-11 19:50:12 +0000},
  date-modified = {2014-03-11 19:51:00 +0000},
  document_type = {Conference Paper},
  journal = {Energy Procedia},
  pages = {3472-3477},
  title = {{Quantitative CO2 saturation estimation from time lapse sonic logs by consideration of uniform and patchy saturation}},
  volume = {4},
  year = {2011},
}


@conference{Queisser2010,
  author = {Queisser, M. and Singh, S.C.},
  date-added = {2014-03-11 19:50:12 +0000},
  date-modified = {2014-03-11 19:50:39 +0000},
  document_type = {Conference Paper},
  journal = {Society of Petroleum Engineers - 72nd European Association of Geoscientists and Engineers Conference and Exhibition 2010 - Incorporating SPE EUROPEC 2010},
  pages = {2896-2900},
  title = {{Quantitative seismic monitoring of CO2 at sleipner using 2D full-waveform inversion in the time-lapse mode}},
  volume = {4},
  year = {2010},
}


@conference{Landa2011,
  author = {Landa, J.L. and Kumar, D.},
  date-added = {2014-03-11 19:36:45 +0000},
  date-modified = {2014-03-11 19:36:50 +0000},
  document_type = {Conference Paper},
  journal = {Proceedings - SPE Annual Technical Conference and Exhibition},
  note = {cited By (since 1996)1},
  pages = {2615-2631},
  source = {Scopus},
  title = {{Joint inversion of 4D seismic and production data}},
  url = {http://www.scopus.com/inward/record.url?eid=2-s2.0-84856672521&partnerID=40&md5=4186ff4e1311abb494803b045cd8bd93},
  volume = {3},
  year = {2011},
}


@article{Kazemeini2010,
  author = {Sayed Hesammoddin Kazemeini and Christopher Juhlin and Sergey Fomel},
  date-added = {2014-03-11 19:33:54 +0000},
  date-modified = {2014-03-11 19:34:06 +0000},
  journal = {Journal of Applied Geophysics},
  number = {4},
  pages = {109 - 124},
  title = {{Monitoring \{CO2\} response on surface seismic data; a rock physics and seismic modeling feasibility study at the \{CO2\} sequestration site, Ketzin, Germany}},
  volume = {71},
  year = {2010},
}


@article{Chadwick2010,
  author = {Chadwick, A. and Williams, G. and Delepine, N. and Clochard, V. and Labat, K. and Sturton, S. and Buddensiek, M.-L. and Dillen, M. and Nickel, M. and Lima, A.L. and Arts, R. and Neele, F. and Rossi, G.},
  date-added = {2014-03-11 19:30:39 +0000},
  date-modified = {2014-03-11 19:30:50 +0000},
  journal = {The Leading Edge},
  number = {2},
  pages = {170-177},
  title = {{Quantitative analysis of time-lapse seismic monitoring data at the Sleipner CO2 storage operation}},
  volume = {29},
  year = {2010},
}


@article{Chadwick2005,
  author = {Chadwick, R.A. and Arts, R. and Eiken, O.},
  date-added = {2014-03-11 19:28:13 +0000},
  date-modified = {2014-03-11 19:28:28 +0000},
  journal = {Petroleum Geology Conference Proceedings},
  number = {0},
  pages = {1385-1399},
  title = {{4D seismic quantification of a growing CO2 plume at Sleipner, North Sea}},
  volume = {6},
  year = {2005},
}


@article{White2009,
  author = {White, D.},
  date-added = {2014-03-11 14:07:06 +0000},
  date-modified = {2014-03-11 14:07:19 +0000},
  journal = {The Leading Edge},
  number = {7},
  pages = {838-842},
  title = {{Monitoring storage during EOR at the Weyburn-Midale Field}},
  volume = {28},
  year = {2009},
}





@article{Lumely2001,
  author = {Lumley, D.},
  date-added = {2014-03-10 20:35:00 +0000},
  date-modified = {2014-03-11 20:11:48 +0000},
  journal = {Geophysics},
  number = {1},
  pages = {50-53},
  title = {{Time‐lapse seismic reservoir monitoring}},
  volume = {66},
  year = {2001},
}


@article{TranNgoc2014,
  author = {Tran Ngoc, T.D. and Lefebvre, R. and Konstantinovskaya, E. and Malo, M.},
  issn = {1866-6280},
  journal = {Environmental Earth Sciences},
  language = {English},
  pages = {1-28},
  publisher = {Springer Berlin Heidelberg},
  title = {{Characterization of deep saline aquifers in the B{\'e}cancour area, St. Lawrence Lowlands, Qu{\'e}bec, Canada: implications for CO$_2$ geological storage}},
  year = {2014},
}


@article{TranNgoc2013,
  author = {{Tran Ngoc}, T. D. and Doughty, Christine and Lefebvre, Ren\'{e} and Malo, Michel},
  issn = {21523878},
  journal = {Greenhouse Gases: Science and Technology},
  month = {dec},
  number = {6},
  pages = {516--540},
  title = {{Injectivity of carbon dioxide in the St. Lawrence Platform, Quebec (Canada): A sensitivity study}},
  volume = {3},
  year = {2013},
}


@article{Konstantinovskaya2014,
  author = {E. Konstantinovskaya and J. Rutqvist and M. Malo},
  date-added = {2014-02-07 21:14:12 +0000},
  date-modified = {2014-02-07 21:14:32 +0000},
  journal = {International Journal of Greenhouse Gas Control},
  number = {0},
  pages = {88 - 110},
  title = {{\{CO2\} storage and potential fault instability in the St. Lawrence Lowlands sedimentary basin (Quebec, Canada): Insights from coupled reservoir-geomechanical modeling}},
  volume = {22},
  year = {2014},
}


@article{Claprood2012,
  author = {Claprood, M. and Gloaguen, E. and Giroux, B. and Konstantinovskaya, E. and Malo, M. and Duchesne, M.J.},
  date-added = {2014-02-03 19:24:47 +0000},
  date-modified = {2014-02-03 19:25:20 +0000},
  journal = {Greenhouse Gases: Science and Technology},
  number = {4},
  pages = {260-278},
  title = {{Workflow using sparse vintage data for building a first geological and reservoir model for CO$_2$ geological storage in deep saline aquifer. A case study in the St. Lawrence Platform, Canada}},
  volume = {2},
  year = {2012},
}


@article{Yam2011b,
  author = {Yam, Helen and Schmitt, Douglas R.},
  date-added = {2014-01-27 20:46:53 +0000},
  date-modified = {2014-01-27 20:57:15 +0000},
  journal = {Canadian Well Logging Society InSite Magazine},
  number = {1},
  pages = {13-16},
  title = {{CO$_2$ rock physics: A laboratory study}},
  volume = {30},
  year = {2011},
}


@article{Purcell2010,
  author = {Purcell, C. and Mur, A. and Soong, Y. and McLendon, T.R. and Haljasmaa, I.V. and Harbert, W.},
  journal = {The Leading Edge},
  number = {2},
  pages = {192-195},
  title = {{Integrating velocity measurements in a reservoir rock sample from the SACROC unit with an AVO proxy for subsurface supercritical CO$_2$}},
  volume = {29},
  year = {2010},
}


@article{Shi2011,
  author = {Shi, J.-Q. and Xue, Z. and Durucan, S.},
  journal = {International Journal of Greenhouse Gas Control},
  number = {1},
  pages = {75-87},
  title = {{Supercritical CO$_2$ core flooding and imbibition in Tako sandstone-Influence of sub-core scale heterogeneity}},
  volume = {5},
  year = {2011},
}


@article{Lei2009,
  author = {Lei, X. and Xue, Z.},
  journal = {Physics of the Earth and Planetary Interiors},
  number = {3-4},
  pages = {224-234},
  title = {{Ultrasonic velocity and attenuation during CO$_2$ injection into water-saturated porous sandstone: Measurements using difference seismic tomography}},
  volume = {176},
  year = {2009},
}


@article{Xue2005,
  author = {Xue, Z. and Ohsumi, T. and Koide, H.},
  journal = {Energy},
  number = {11-12 SPEC. ISS.},
  pages = {2352-2359},
  title = {{An experimental study on seismic monitoring of a CO$_2$ flooding in two sandstones}},
  volume = {30},
  year = {2005},
}


@article{Wang1989,
  author = {Wang, Zhijing and Nur, Amos M.},
  journal = {Society of Petroleum Engineers},
  number = {4},
  pages = {429-436 17345},
  title = {{Effects of CO$_2$ flooding on wave velocities in rocks with hydrocarbons}},
  volume = {4},
  year = {1989},
}





@mastersthesis{Yam2011,
  author = {Helen Yam},
  school = {{University of Alberta}},
  title = {{CO$_2$ rock physics: A laboratory study}},
  year = {2011},
}




@article{Njiekak2013,
  author = {Njiekak, Gautier and Schmitt, Douglas R. and Yam, Helen and Kofman, Randolf S.},
  journal = {International Journal of Greenhouse Gas Control},
  month = {mar},
  pages = {S118--S133},
  title = {{CO$_2$ rock physics as part of the Weyburn-Midale geological storage project}},
  volume = {16},
  year = {2013},
}


@article{Malo2012,
  author = {Michel Malo and Karine B{\'e}dard},
  journal = {Energy Procedia},
  pages = {487 - 494},
  title = {{Basin-Scale Assessment for CO$_2$ Storage Prospectivity in the Province of Qu\'ebec, Canada}},
  volume = {23},
  year = {2012},
}


@article{Bachu2003,
  author = {Bachu, Stefan},
  journal = {Environmental Geology},
  month = {jun},
  number = {3},
  pages = {277--289},
  title = {{Screening and ranking of sedimentary basins for sequestration of CO$_2$ in geological media in response to climate change}},
  volume = {44},
  year = {2003},
}





@article{White2013a,
  author = {White, Don},
  journal = {International Journal of Greenhouse Gas Control},
  month = {mar},
  pages = {S78--S94},
  title = {{Seismic characterization and time-lapse imaging during seven years of CO$_2$ flood in the Weyburn field, Saskatchewan, Canada}},
  volume = {16},
  year = {2013},
}


@article{Lumley2010,
  author = {Lumley, D. and Sherlock, D. and Daley, T. and Huang, L. and Lawton, D. and Masters, R. and Verliac, M. and White, D.},
  date-added = {2013-07-18 13:24:14 +0000},
  date-modified = {2014-01-27 20:57:58 +0000},
  journal = {The Leading Edge},
  number = {2},
  pages = {138-145},
  title = {{Highlights of the 2009 {SEG} Summer Research Workshop on {CO$_2$} Sequestration}},
  volume = {29},
  year = {2010},
}


@article{Carcione2006,
  author = {Carcione, Jos\'{e} M and Picotti, Stefano and Gei, Davide and Rossi, Giuliana},
  date-added = {2013-07-18 13:24:08 +0000},
  date-modified = {2014-04-07 14:13:05 +0000},
  journal = {Pure and Applied Geophysics},
  number = {1},
  pages = {175--207},
  title = {{Physics and Seismic Modeling for Monitoring CO$_2$ Storage}},
  volume = {163},
  year = {2006},
}


@incollection{Lemmon2014,
  abstract = {This site provides thermochemical, thermophysical, and ion energetics data compiled by NIST under the Standard Reference Data Program.},
  address = {Gaithersburg MD, 20899, http://webbook.nist.gov},
  author = {Lemmon, Eric W. and McLinden, Mark O. and Friend, D. G.},
  booktitle = {NIST Chemistry Webbook, NIST Standard Reference Database Number 69},
  date-modified = {2014-03-24 19:00:24 +0000},
  editor = {Linstrom, P. J. and Mallard, W. G.},
  publisher = {National Institute of Standards and Technology},
  timestamp = {2012-09-01T13:08:21.000+0200},
  title = {{Thermophysical properties of fluid systems}},
  url = {http://webbook.nist.gov/chemistry/},
  year = {2014},
}


@article{Gassmann,
  author = {Gassmann, F.},
  citeulike-article-id = {9920531},
  journal = {Vier. Der Natur},
  pages = {1--23},
  posted-at = {2011-10-18 14:33:29},
  priority = {2},
  title = {{{\"{U}}ber die Elastizit{\"{a}}t por{\"{o}}ser Medien}},
  volume = {96},
  year = {1951},
}








@article{MøllNilsen2011,
  author = {{M\o ll Nilsen}, Halvor and Herrera, Paulo a. and Ashraf, Meisam and Ligaarden, Ingeborg and Iding, Martin and Hermanrud, Christian and Lie, Knut-Andreas and Nordbotten, Jan M. and Dahle, Helge K. and Keilegavlen, Eirik},
  doi = {10.1016/j.egypro.2011.02.315},
  journal = {Energy Procedia},
  month = {jan},
  pages = {3801--3808},
  publisher = {Elsevier},
  title = {{Field-case simulation of CO$_2$ -plume migration using vertical-equilibrium models}},
  volume = {4},
  year = {2011},
}


@article{Coats1967,
  doi = {10.2118/1961-pa},
  year  = {1967},
  month = {dec},
  publisher = {Society of Petroleum Engineers ({SPE})},
  volume = {7},
  number = {04},
  pages = {377--388},
  author = {K.H. Coats and R.L. Nielsen and Mary H. Terhune and A.G. Weber},
  title = {Simulation of Three-Dimensional,  Two-Phase Flow In Oil and Gas Reservoirs},
  journal = {Society of Petroleum Engineers Journal}
}


@article{Martin1968,
  doi = {10.2118/2040-pa},
  year  = {1968},
  month = {dec},
  publisher = {Society of Petroleum Engineers ({SPE})},
  volume = {8},
  number = {04},
  pages = {370--380},
  author = {John C. Martin},
  title = {Partial Integration of Equations of Multiphase Flow},
  journal = {Society of Petroleum Engineers Journal}
}


@article{Martin1958,
  author = {Martin, John C.},
  journal = {Prod. Monthly 22},
  title = {{Some mathematical aspects of two phase flow with application to flooding and gravity segregation}},
  pages = {22-35},
  volume = {6},
  year = {1958},
}


@article{Celia2006,
  author = {Celia, M.A. and Bachu, S. and Nordbotten, J.M. and Kavetski, D. and Gasda, S.},
  journal = {Proceedings of the 8th Conference on Greenhouse Gas Technologies},
  title = {{A risk assessment tool to quantify CO$_2$ leakage potential through wells in mature sedimentary basins}},
  year = {2006},
}


@article{Nordbotten2006,
  author = {Nordbotten, J.M. and Celia, M.A.},
  journal = {Proceedings of the 16th conference on Computational Methods in Water Resources},
  title = {{Analysis of plume extent using analytical solutions for CO$_2$ storage}},
  year = {2006},
}


@article{Lie2011,
  year = {2011},
  month = {aug},
  publisher = {Springer Science $\mathplus$ Business Media},
  volume = {16},
  number = {2},
  pages = {297--322},
  author = {Knut{\textendash}Andreas Lie and Stein Krogstad and Ingeborg Skjelkv{\aa}le Ligaarden and Jostein Roald Natvig and Halvor M{\o}ll Nilsen and B{\aa}rd Skaflestad},
  title = {{Open-source {MATLAB} implementation of consistent discretisations on complex grids}},
  journal = {Computational Geosciences},
}


@article{Michael_2010,
  doi = {10.1016/j.ijggc.2009.12.011},
  year = {2010},
  month = {jul},
  publisher = {Elsevier {BV}},
  volume = {4},
  number = {4},
  pages = {659--667},
  author = {K. Michael and A. Golab and V. Shulakova and J. Ennis-King and G. Allinson and S. Sharma and T. Aiken},
  title = {{Geological storage of CO$_2$ in saline aquifers{\textemdash}A review of the experience from existing storage operations}},
  journal = {International Journal of Greenhouse Gas Control},
}


@article{Martens_2012,
  year = {2012},
  month = {apr},
  publisher = {Springer Science $\mathplus$ Business Media},
  volume = {67},
  number = {2},
  pages = {323--334},
  author = {S. Martens and T. Kempka and A. Liebscher and S. Lüth and F. Möller and A. Myrttinen and B. Norden and C. Schmidt-Hattenberger and M. Zimmer and M. Kühn},
  title = {{Europe's longest-operating on-shore CO$_2$ storage site at Ketzin Germany: a progress report after three years of injection}},
  journal = {Environmental Earth Sciences},
}

@Article{dodds13,
  Title                    = {{Evaluating time-lapse borehole gravity for CO$_2$ plume detection at SECARB Cranfield}},
  Author                   = {Kevin Dodds and Richard Krahenbuhl and Anya Reitz and Yaoguo Li and Susan Hovorka},
  Journal                  = {International Journal of Greenhouse Gas Control },
  Year                     = {2013},
  Pages                    = {421 - 429},
  Volume                   = {18},
  Doi                      = {10.1016/j.ijggc.2013.05.024},
  ISSN                     = {1750-5836},
}

@Book{schon04,
  Title                    = {{Physical properties of rocks: Fundamentals and principles of petrophysics}},
  Author                   = {J\"{u}rgen H. Sch\"{o}n},
  Publisher                = {Elsevier},
  Year                     = {2004},
  Edition                  = {1$^{st}$},
  Series                   = {Handbook of Geophysical Exploration - Seismic Exploration},
  Volume                   = {18}
}

@article{SchmidtHattenberger2013,
title = {{Electrical Resistivity Tomography (ERT) for Monitoring of CO$_2$ Migration - from Tool Development to Reservoir Surveillance at the Ketzin Pilot Site}},
journal = {Energy Procedia},
volume = {37},
number = {0},
pages = {4268 - 4275},
year = {2013},
author = {C. Schmidt-Hattenberger and P. Bergmann and D. B\"{o}sing and T. Labitzke and M. M\"{o}ller and S. Schr\"{o}der and F. Wagner and H. Sch\"{u}tt},
}



@inproceedings{Chowdhury2013,
  author = {Chowdhury, M. and Schmitt, D.R. and Kofman, R.},
  title = {{Seismic behavior of CO$_2$ saturated Fontainebleau sandstone under in situ conditions}},
  booktitle = {2nd Int. Workshop on Rock Physics, Southampton, 4-9 August, 4 pp.},
  year = {2013},

}

@inproceedings{Kofman2013,
  author = {Kofman, R. and Rabbani, A. and Njiekak, G. and Schmitt, D.R.},
  title = {{Influence of cooling and heating rate on CO$_2$ condensation and evaporation observed in a saturated synthetic rock sample}},
  booktitle = {GeoConvention, Calgary, pp. 10},
  year = {2013},

}

@inproceedings{Schmitt2012,
  author = {Schmitt, D.R. and Njiekak, G. and Yam, H. and Kofman, R. and Chowdhury, M.},
  title = {{A proposed protocol for evaluating the seismic properties of CO$_2$ saturated rocks: experiences gained from the Weyburn, Saskatchewan
sequestration project}},
  booktitle = {Proc. 11th Int. Conf. on Green House Gas Technologies, Nov. 18-22, Kyoto, 8 pp.},
  year = {2012},

}

@inbook {Barryman1995,
title = {Mixture Theories for Rock Properties},
author = {Berryman, James G.},
publisher = {American Geophysical Union},
doi = {10.1029/RF003p0205},
pages = {205--228},
booktitle = {Rock Physics $\&$ Phase Relations: A Handbook of Physical Constants},
year = {2013},
address= {Washington DC},
date = {1995},
}

@incollection{Schmitt2015,
  doi = {10.1016/b978-0-444-53802-4.00190-1},
  url = {http://dx.doi.org/10.1016/B978-0-444-53802-4.00190-1},
  year  = {2015},
  editor = "Schubert, Gerald ",
  publisher = {Elsevier},
  pages = {43--87},
  author = {D.R. Schmitt},
  title = {{Geophysical Properties of the Near Surface Earth: Seismic Properties}},
  booktitle = {Treatise on Geophysics (Second Edition)}
}

@TECHREPORT{Pruess1999,
  AUTHOR =        {K. Pruess and C. Oldenburg and G. Moridis},
  TITLE =         {{TOUGH2 User’s Guide}},
  NUMBER =        {Report LBNL- 43134},
  INSTITUTION =   {Lawrence Berkeley National Laboratory},
  ADDRESS =       {Berkeley, CA, USA},

  YEAR  =         {1999},

}

@TECHREPORT{Pruess2005,
  AUTHOR =        {K. Pruess},
  TITLE =         {{ECO2N:A TOUGH2 Fluid Property Module for
Mixtures of Water, NaCl, and CO$_2$}},
  NUMBER =        {Report LBNL- 57952},
  INSTITUTION =   {Lawrence Berkeley National Laboratory},
  ADDRESS =       {Berkeley, CA, USA},

  YEAR  =         {2005},

}

@article{Geertsma1961,
  author = {J. Geertsma},
  doi = {10.2118/1535-G},
  journal = {Society of Petroleum Engineers},
  title = {{Velocity-Log Interpretation: The Effect of Rock Bulk Compressibility}},
  month = {Dec.},
  volume = {1},
  year = {1961},
}

@article{Span1996,
   author = {Span, R. and Wagner, W.},
   title = {{A new equation of state for carbon dioxide covering the fluid region from the triple point temperature to 1100 K at pressures up to 800 MPa}},
   journal = {Journal of Physical and Chemical Reference Data},
   year = {1996},
   volume = {25},
   number = {6},
   pages = {1509-1596},
}

@book{Aki1980,
    author = {Aki, K and Richards, P.G.},
    edition = {2},
    howpublished = {Hardcover},
    publisher = {University Science Books},
    title = {{Quantitative Seismology: Theory and Methods}},
      year = {1980},

}

@inbook{Ostrander1982,
author = {W. J. Ostrander},
title = {Plane wave reflection coefficients for gas sands at nonnormal angles of incidence},
booktitle = {SEG Technical Program Expanded Abstracts 1982},
publisher = {SEG},
chapter = {123},
pages = {216-218},
doi = {10.1190/1.1826898},
year = {1982},

}

@article{Ostrander1984,
author = {Ostrander, W.},
title = {Plane-wave reflection coefficients for gas sands at nonnormal angles of incidence},
journal = {Geophysics},
volume = {49},
number = {10},
pages = {1637-1648},
year = {1984},
doi = {10.1190/1.1441571},
}

@inbook{Backus1982,
author = {Milo M. Backus and Francisco Nepomuceno and Jingazhong Cao},
title = {The reflection seismogram in a solid layered earth},
booktitle = {SEG Technical Program Expanded Abstracts 1982},
publisher = {SEG},
chapter = {124},
pages = {218-220},
doi = {10.1190/1.1826899},
year = {1982},

}
