@article{Celia2006,
  author = {Celia, M.A. and Bachu, S. and Nordbotten, J.M. and Kavetski, D. and Gasda, S.},
  journal = {Proceedings of the 8th Conference on Greenhouse Gas Technologies},
  title = {{A risk assessment tool to quantify CO$_2$ leakage potential through wells in mature sedimentary basins}},
  year = {2006},
}


@article{Nordbotten2006,
  author = {Nordbotten, J.M. and Celia, M.A.},
  journal = {Proceedings of the 16th conference on Computational Methods in Water Resources},
  title = {{Analysis of plume extent using analytical solutions for CO$_2$ storage}},
  year = {2006},
}

@article{Nordbotten2005a,
  author = {Nordbotten, Jan Martin and Celia, Michael A. and Bachu, Stefan},
  doi = {10.1007/s11242-004-0670-9},
  issn = {0169-3913},
  journal = {Transport in Porous Media},
  keywords = {analytical solutions,carbon dioxide injection,carbon sequestra-,two-phase flow},
  mendeley-groups = {REVIEW FOR ARTICLE 3},
  month = {mar},
  number = {3},
  pages = {339--360},
  title = {{Injection and storage of CO$_2$ in deep saline aquifers: analytical solution for CO$_2$ plume evolution during injection}},
  volume = {58},
  year = {2005},
}


@article{Nordbotten2009,
  author = {Nordbotten, Jan Martin and Kavetski, Dmitri and Celia, Michael A},
  journal = {Environ. Sci. Technol.},
  number = {3},
  pages = {743--749},
  title = {{Model for CO 2 leakage including multiple geological layers and multiple leaky wells}},
  volume = {43},
  year = {2009},
}
@article{Giroux2012,
  author = {Bernard Giroux},
  date-added = {2013-08-20 14:50:21 +0000},
  date-modified = {2014-03-13 19:11:21 +0000},
  journal = {{Computers $\&$ Geosciences}},
  pages = {149 - 160},
  title = {{Performance of convolutional perfectly matched layers for pseudospectral time domain poroviscoelastic schemes}},
  volume = {45},
  year = {2012},
}

@ARTICLE{Daley2008,
author={Daley, T.M. and Myer, L.R. and Peterson, J.E. and Majer, E.L. and Hoversten, G.M.},
title={{Time-lapse crosswell seismic and VSP monitoring of injected CO$_2$ in a brine aquifer}},
journal={Environmental Geology},
year={2008},
volume={54},
number={8},
pages={1657-1665},
doi={10.1007/s00254-007-0943-z},
}

@ARTICLE{Gotz2014,
author={G{\"o}tz, J. and L{\"u}th, S. and Krawczyk, C.M. and Cosma, C.},
title={{MZero-Offset VSP Monitoring of CO$_2$ Storage: Impedance Inversion and Wedge Modelling at the Ketzin Pilot Site}},
journal={International Journal of Geophysics},
year={2014},
volume={2014},
number={},
pages={},
doi={10.1155/2014/294717},
}

@ARTICLE{Bickle2007,
author={Bickle, M. and Chadwick, A. and Huppert, H.E. and Hallworth, M. and Lyle, S.},
title={{Modelling carbon dioxide accumulation at Sleipner: Implications for underground carbon storage}},
journal={Earth and Planetary Science Letters},
year={2007},
volume={255},
number={1-2},
pages={164-176},
doi={10.1016/j.epsl.2006.12.013},
}

@ARTICLE{Chadwick2004,
author={Chadwick, R.A. and Zweigel, P. and Gregersen, U. and Kirby, G.A. and Holloway, S. and Johannessen, P.N.},
title={{Geological reservoir characterization of a CO$_2$ storage site: The Utsira Sand, Sleipner, northern North Sea}},
journal={Energy},
year={2004},
volume={29},
number={9-10},
pages={1371-1381},
doi={10.1016/j.energy.2004.03.071},
}

@ARTICLE{Chadwick2005,
author={Chadwick, R.A. and Arts, R. and Eiken, O.},
title={{4D seismic quantification of a growing CO$_2$ plume at Sleipner, North Sea}},
journal={Petroleum Geology: North West Europe and Global Perspectives - Proceedings of the 6$^{th}$ Petroleum Geology Conference},
year={2005},
pages={1385-1399},

}

@CONFERENCE{Chadwick2009,
author={Chadwick, R.A. and Noy, D. and Arts, R. and Eiken, O.},
title={{Latest time-lapse seismic data from Sleipner yield new insights into CO$_2$ plume development}},
journal={Energy Procedia},
year={2009},
volume={1},
number={1},
pages={2103-2110},
doi={10.1016/j.egypro.2009.01.274},

}

@ARTICLE{Lippard2008,
author={Lippard, J. and Cavanagh, A.J. and Kennedy, D. and Hermanrud, C.},
title={{Modelling of CO$_2$ injection and seismic data analysis in the Utsira formation}},
journal={33rd International Geological Congress},
year={2008},
}

@ARTICLE{Roach2015,
author={Roach, L.A.N. and White, D.J. and Roberts, B.},
title={{Assessment of 4D seismic repeatability and CO2 detection limits using a sparse permanent land array at the Aquistore CO$_2$ storage site}},
journal={Geophysics},
year={2015},
volume={80},
number={2},
pages={WA1-WA13},
doi={10.1190/GEO2014-0201.1},
}

@ARTICLE{White2013,
author={White, D.},
title={{Seismic characterization and time-lapse imaging during seven years of CO$_2$ flood in the Weyburn field, Saskatchewan, Canada}},
journal={International Journal of Greenhouse Gas Control},
year={2013},
volume={16},
pages={S78-S94},
doi={10.1016/j.ijggc.2013.02.006},
}

@ARTICLE{Arts2004,
author={Arts, R. and Eiken, O. and Chadwick, A. and Zweigel, P. and van der Meer, L. and Zinszner, B.},
title={{Monitoring of CO2 injected at Sleipner using time-lapse seismic data}},
journal={Energy},
year={2004},
volume={29},
number={9-10},
pages={1383-1392},
doi={10.1016/j.energy.2004.03.072},
}

@ARTICLE{Davis2003,
author={Davis, T.L. and Terrell, M.J. and Benson, R.D. and Cardona, R. and Kendall, R.R. and Winarsky, R.},
title={{Multicomponent seismic characterization and monitoring of the CO$_2$ flood at Weyburn Field, Saskatchewan}},
journal={Leading Edge (Tulsa, OK)},
year={2003},
volume={22},
number={7},
pages={696-697},

}

@CONFERENCE{Eiken2011,
author={Eiken, O. and Ringrose, P. and Hermanrud, C. and Nazarian, B. and Torp, T.A. and Høier, L.},
title={{Lessons Learned from 14 years of CCS Operations: Sleipner, In Salah and Sn{\o}hvit}},
journal={Energy Procedia},
year={2011},
volume={4},
pages={5541-5548},
doi={10.1016/j.egypro.2011.02.541},
}

@ARTICLE{Ivanova2012,
author={Ivanova, A. and Kashubin, A. and Juhojuntti, N. and Kummerow, J. and Henninges, J. and Juhlin, C. and Lüth, S. and Ivandic, M.},
title={{Monitoring and volumetric estimation of injected CO 2 using 4D seismic, petrophysical data, core measurements and well logging: A case study at Ketzin, Germany}},
journal={Geophysical Prospecting},
year={2012},
volume={60},
number={5},
pages={957-973},
doi={10.1111/j.1365-2478.2012.01045.x},

}

@ARTICLE{Li2001,
author={Li, G. and Burrowes, G. and Majer, E. and Davis, T.},
title={{Weyburn field horizontal-to-horizontal crosswell seismic profiling: Part 3 - Interpretation}},
journal={Society of Exploration Geophysicists 2001 Annual Meeting},
year={2001},

}

@CONFERENCE{Luth2011,
author={L{\"u}th, S. and Bergmann, P. and Cosma, C. and Enescu, N. and Giese, R. and Götz, J. and Ivanova, A. and Juhlin, C. and Kashubin, A. and Yang, C. and Zhang, F.},
title={{Time-lapse seismic surface and down-hole measurements for monitoring CO2 storage in the CO2SINK project (Ketzin, Germany)}},
journal={Energy Procedia},
year={2011},
volume={4},
pages={3435-3442},
doi={10.1016/j.egypro.2011.02.268},

}

@ARTICLE{Sato2011,
author={Sato, K. and Mito, S. and Horie, T. and Ohkuma, H. and Saito, H. and Watanabe, J. and Yoshimura, T.},
title={{Monitoring and simulation studies for assessing macro- and meso-scale migration of CO$_2$ sequestered in an onshore aquifer: experiences from the Nagaoka pilot site, Japan}},
journal={International Journal of Greenhouse Gas Control},
year={2011},
volume={5},
pages={215-237},
}

@ARTICLE{Urosevic2010,
author={Urosevic, M. and Pevzner, R. and Kepic, A. and Wisman, P. and Shulakova, V. and Sharma, S.},
title={{Time-lapse seismic monitoring of CO$_2$ injection into a depleted gas reservoir - Naylor Field, Australia}},
journal={Leading Edge (Tulsa, OK)},
year={2010},
volume={29},
number={2},
pages={164-169},
doi={10.1190/1.3304819},
}


@ARTICLE{Zhang2012,
author={Zhang, R. and Ghosh, R. and Sen, M.K. and Srinivasan, S.},
title={{Time-lapse surface seismic inversion with thin bed resolution for monitoring CO$_2$ sequestration: a case study from Cranfield, Mississippi},
journal={International Journal of Greenhouse Gas Control}},
year={2012},
}


@book{Johnston2010,
author = {Johnston, D.},
editor = {David H. Johnston},
title = {Methods and Applications in Reservoir Geophysics},
publisher = {Society of Exploration Geophysicists},
year = {2010},
doi = {10.1190/1.9781560802174},
address = {},
edition   = {},
}

@article{Bedard2013,
title = {{CO$_2$ Geological Storage in the Province of Québec, Canada Capacity Evaluation of the St. Lawrence Lowlands basin }},
journal = "Energy Procedia ",
volume = "37",
number = "0",
pages = "5093 - 5100",
year = "2013",
note = "GHGT-11 ",
issn = "1876-6102",
doi = "http://dx.doi.org/10.1016/j.egypro.2013.06.422",
author = "Karine Bédard and Michel Malo and Félix-Antoine Comeau",
}

@article{Johnson2001,
  author  = {Johnson, J.W. and Niitao, J.J. and Steefel, C.I. and Knauss, K.G.}, 
  title   = {{Reactive transportmodelling of geologic CO$_2$ sequestration in saline aquifers: The influence of intraaquifer shales and the relative effectiveness of structural, solubility, and mineral trapping during prograde and retrograde sequestration}},
  journal = {NETL Proceedings, First National Conference on Carbon Sequestration},
  year    = 2001,
}

@article {IEACCS2013,
    author    = {IEA},
    title     = {{Technolgy Roadmap: Carbon Capture and Storage}},
    publisher = {IEA},
    year      = {2013},
}


@techreport{IPCC2005,
  author       = {IPCC}, 
  title        = {{IPCC Special Report on Carbon dioxide Capture and Storage}},
  institution  = {Cambridge University Press, UK},
  year         = 2005,
  address      = {The Edinburgh Building Shaftesbury Road, Cambridge CB2 2RU ENGLAND},

}

@book{IPCC2005,
  Title     = {{IPCC Special Report on Carbon dioxide Capture and Storage}},
  Author    = {IPCC},
  Edition    = {Bert Metz and Ogunlade Davidson and Heleen de Coninck and Manuela Loos and Leo Meyer},
  Publisher = {Cambridge University Press, UK},
  Year      = {2005},
  address   = {The Edinburgh Building Shaftesbury Road, Cambridge CB2 2RU ENGLAND}, 
}

@inbook{IPCC2014,
   author = {IPCC},
   title = {{Climate Change 2014: Synthesis Report. Contribution of Working Group III to the Fifth Assessment Report of the Intergovernmental Panel on Climate Change}},
   publisher = {{Cambridge University Press}},
   address = {{Cambridge, United Kingdom and New York, NY, USA}},
   year = {2014},
}

@ARTICLE{Vostok,
author={Petit, J.R. and Jouzel, J. and Raynaud, D. and Barkov, N.I. and Barnola, J.-M. and Basile, I. and Bender, M. and Chappellaz, J. and Davis, M. and Delaygue, G. and Delmotte, M. and Kotiyakov, V.M. and Legrand, M. and Lipenkov, V.Y. and Lorius, C. and Pépin, L. and Ritz, C. and Saltzman, E. and Stievenard, M.},
title={{Climate and atmospheric history of the past 420,000 years from the Vostok ice core, Antarctica}},
journal={Nature},
year={1999},
volume={399},
number={6735},
pages={429-436},
doi={10.1038/20859},
}

@inbook{Siple,
author={Neftel, A. and Friedli, H. and Moor, E. and Loetscher, H. and Oeschger, H. and Siegenthaler, U. and Stauffer, B.}, 
title={{Trends: A Compendium of Data on Global Change}},
publisher={{Carbon Dioxide Information Analysis Center, Oak Ridge National Laboratory, U.S. Department of Energy}},
address={{Oak Ridge, Tenn, USA}},
year={1994},	
}

@ARTICLE{Epica,
author={Siegenthaler, U. and Stocker, T.F. and Monnin, E. and Lüthi, D. and Schwander, J. and Stauffer, B. and Raynaud, D. and Barnola, J.-M. and Fischer, H. and Masson-Delmotte, V. and Jouzel, J.},
title={{Atmospheric science: Stable carbon cycle-climate relationship during the late pleistocene}},
journal={Science},
year={2005},
volume={310},
number={5752},
pages={1313-1317},
doi={10.1126/science.1120130},
source={Scopus},
}

@article {GRL:GRL21511,
author = {MacFarling Meure, C. and Etheridge, D. and Trudinger, C. and Steele, P. and Langenfelds, R. and van Ommen, T. and Smith, A. and Elkins, J.},
title = {{Law Dome CO2, CH4 and N2O ice core records extended to 2000 years BP}},
journal = {Geophysical Research Letters},
volume = {33},
number = {14},
issn = {1944-8007},
doi = {10.1029/2006GL026152},
pages = {n/a--n/a},
year = {2006},
}

@techreport{IEA_fossil,
author = {IEA},
title = {{CO$_2$ Emissions from Fuel Combustion 2014}},
publisher = {{IEA}},
address = {{Paris}},
year = {2014}
}

@techreport{WEO2014,
author = {IEA},
title = {{World Energy Outlook 2014}},
publisher = {{IEA}},
address = {{Paris}},
year = {2014}
}

@techreport{ETP2014,
author = {IEA},
title = {{Energy Technology Perspectives 2014}},
publisher = {{IEA}},
address = {{Paris}},
year = {2014}
}


@techreport{WMO14,
author = {WMO},
title = {{WMO Greenhouse Gas Bulletin, No. 10}},
publisher = {{WMO}},
address = {{Geneva}},
year = {2014}
}